4306 5520
876 457 1218 537 -6-..

160 694 287 772 gruem
300 666 461 747 inflexae
471 661 772 766 conspiciuntur
826 661 928 735 llaec
941 661 989 735 de
1001 660 1155 736 celluhs
1169 622 1362 764 plerisque
1376 660 1529 739 valent
1517 690 1558 738 ιιι
1573 664 1757 769 Tulipm'
1746 695 1791 742 ιιι
1802 669 1939 755 divetis

160 788 212 865 sis
225 800 352 862 tamen
369 783 537 887 partibus
554 782 744 871 antherae,
766 780 812 855 ad
826 780 1012 880 margines
1028 780 1272 869 valvularum
1287 781 1334 855 ad
1347 781 1491 897 saphan
1503 782 1550 857 ad
1565 783 1685 859 basini
1697 802 1763 865 aut
1777 788 1927 891 apicem

158 905 520 985 venemodifientae
540 919 649 992 sunt,
673 900 786 1004 quod,
810 897 867 975 uti
889 899 1003 975 etiam
1024 896 1063 973 in
1086 900 1244 1003 reliquis
1264 902 1476 1038 plantarum
1491 904 1689 1003 generibus
1702 904 1926 1010 singillatim

157 1050 366 1113 recensere,
378 1023 676 1139 adgutltererum
687 1019 814 1120 potrus
822 1018 1094 1120 descriptiones
1102 1020 1450 1123 topographaces
1400 1048 1690 1124 mcroscopscas
1702 1027 1924 1128 pertineret.

159 1144 368 1223 Praeterire
391 1159 519 1221 tanen
538 1165 707 1243 nequeo,
744 1165 804 1214 me
826 1138 1011 1215 internam
1035 1140 1171 1216 faciem
1193 1141 1332 1216 canalis
1344 1141 1527 1231 antherii,
1556 1144 1665 1244 cujus
1685 1171 1779 1221 cavo
1801 1162 1927 1227 extre·

157 1265 267 1343 mitas
296 1263 482 1340 filameuti
508 1259 682 1364 superior
704 1256 818 1334 infixa
846 1274 914 1348 est,
945 1260 1108 1337 vasculis
1124 1261 1311 1336 annulatis
1325 1260 1618 1397 elegantissimis
1633 1266 1817 1364 parallele
1833 1252 1927 1344 ends
2083 1330 2087 1339 .

156 1382 265 1462 fertis
287 1382 525 1459 obductum
515 1379 722 1468 invenisse,
758 1378 860 1481 quod
882 1378 1055 1453 ulteriori
1071 1380 1325 1485 observationi
1339 1381 1558 1483 praesertim
1573 1382 1615 1457 in
1631 1383 1809 1460 Liliaceis
1821 1411 1927 1463 com·

155 1505 305 1582 meudo.
360 1501 534 1606 Difficile
558 1500 783 1601 plerumque
805 1516 864 1576 est
882 1497 1104 1600 dijudicato,
1124 1525 1171 1575 an
1192 1500 1308 1579 fibrae
1330 1501 1427 1577 intra
1443 1527 1576 1577 cavum
1591 1503 1755 1579 cellulae
1769 1504 1924 1604 penitus

155 1625 306 1701 abditae
321 1622 424 1711 siut,
457 1649 505 1697 an
523 1642 607 1696 scm
627 1617 857 1695 extrinsecus
878 1618 1131 1709 circumdent,
1169 1644 1217 1695 au
1234 1645 1325 1696 vero
1344 1619 1451 1722 quasi
1472 1620 1639 1697 intrusae
1655 1621 1843 1699 sintinter
1856 1650 1925 1727 pa·

154 1745 280 1847 ginam
299 1756 491 1823 uternam
512 1737 783 1840 internamque.
837 1741 882 1814 In
896 1738 1081 1815 Liliscius
1101 1756 1204 1817 certe
1221 1766 1326 1843 prior
1338 1740 1487 1817 obtinet
1500 1740 1688 1831 relatio
1677 1768 1720 1816 m
1730 1742 1816 1818 alus
1830 1767 1924 1822 veno
1990 1832 1993 1837 ¹

152 1861 308 1938 familiis
330 1884 420 1935 mox
437 1857 484 1931 ad
505 1857 601 1933 hanc
620 1882 709 1933 mox
728 1859 776 1933 ad
797 1857 902 1945 illum
923 1859 1176 1960 opinionem,
1171 1860 1256 1937 ubi
1272 1887 1349 1937 non
1362 1875 1495 1961 suapte
1511 1859 1551 1936 in
1564 1861 1696 1936 oculos
1710 1862 1826 1953 cadit,
1853 1832 1924 1940 8.

152 1980 255 2057 bitus
279 1993 457 2057 essemus
471 1976 674 2053 fibrarum
664 1977 810 2055 invitat.
859 1980 1132 2056 Inveniuntur
1122 2008 1161 2055 ιιι
1178 1980 1316 2082 Tulipa
1332 1979 1549 2080 hujusmodi
1565 1980 1789 2057 cellularum
1806 1998 1934 2075 strat·

152 2101 251 2190 duo,
273 2099 377 2202 quod
400 2099 546 2205 optime
559 2097 788 2200 conspicies,
816 2096 861 2174 si
879 2101 1101 2179 successerit
1116 2100 1334 2176 laciniolam
1353 2101 1400 2175 ad
1414 2099 1539 2174 ambas
1553 2098 1670 2175 facies
1685 2103 1922 2180 membranas

150 2219 505 2324 perpendicularem
529 2219 702 2295 forticula
722 2217 958 2309 exscindere,
981 2220 1100 2318 (Tab.
1118 2224 1186 2297 111.
1205 2231 1263 2300 18.
1287 2224 1400 2298 e.14.
1424 2219 1489 2317 d.)
1511 2217 1575 2291 ubi
1598 2234 1675 2295 tres
1696 2221 1922 2297 cellularum

151 2339 268 2418 series
297 2339 485 2429 invenies,
518 2339 837 2442 epidermidales,
862 2339 999 2441 quibus
1019 2339 1222 2444 impositae
1243 2353 1331 2417 sunt
1351 2337 1512 2413 fibrosae
1531 2338 1713 2438 majores,
1749 2364 1845 2442 quas·
1862 2334 1921 2445 se-

152 2474 321 2562 quuntur
338 2459 506 2537 miudes
527 2459 574 2534 ad
593 2456 767 2562 paginam
790 2458 1009 2536 locularem.
1064 2463 1166 2536 Haec
1180 2456 1349 2563 exempli
1360 2483 1488 2535 caussa
1502 2456 1549 2533 de
1566 2458 1706 2563 Tulipa
1722 2456 1840 2536 lusius
1855 2485 1921 2538 ex·

149 2577 307 2683 plicavi,
328 2602 404 2680 quo
420 2578 582 2657 lectores
595 2576 641 2655 ad
656 2577 819 2655 similem
834 2577 1111 2714 indagationem
1124 2580 1348 2656 excitentur

234 2696 460 2773 Similia'
449 2725 490 2771 m
514 2694 724 2775 Fritillaria
746 2697 934 2801 imperiali
958 2713 997 2774 et
1020 2699 1059 2774 in
1079 2700 1265 2774 Lilioruns
1285 2696 1510 2799 speciebus
1501 2696 1680 2772 invenies.
1733 2700 1779 2772 ln
1799 2698 1919 2801 priori
1954 2670 1963 2762 s
2071 2771 2074 2781 ,
2110 2731 2117 2745 ·

149 2816 315 2933 cellulae
334 2816 540 2918 pleraeque
560 2817 815 2897 subrotundae
831 2835 920 2894 sunt
939 2817 1035 2895 etin
1053 2819 1188 2921 pagina
1210 2817 1370 2894 loculari
1392 2815 1564 2894 reticulis
1576 2817 1755 2892 fibrarum
1768 2818 1921 2925 elgau

131 2914 306 3013 -tissimii
331 2935 478 3011 obsitae
495 2937 614 3033 (Tab.
631 2936 703 3016 Ill.
722 2948 781 3023 18.
798 2941 876 3033 d)
1598 2972 1604 2977 ·
2007 3022 2010 3027 .

275 3054 453 3133 Formam
481 3056 778 3158 vulgatissimam
811 3058 951 3149 sistunt
977 3056 1141 3132 cellulae
1169 3054 1495 3156 semicylindricae
1522 3052 1709 3155 oblongae
1737 3056 1919 3160 utrinque
2006 3026 2034 3061 *b

148 3187 217 3250 aut
235 3190 408 3252 scutatae
428 3192 494 3252 aut
508 3174 746 3271 rotundatas,
786 3177 988 3281 superficie
1004 3176 1116 3279 plana
1132 3175 1356 3279 epidermidi
1370 3175 1590 3262 insidentes,
1618 3173 1855 3250 subconvexa
1869 3175 1918 3253 ad

147 3293 322 3395 paginam
363 3294 572 3371 locularem
613 3297 755 3390 libera,
811 3298 915 3373 libris
957 3297 1117 3370 arcuatis
1164 3311 1228 3369 aut
1267 3295 1466 3370 retinaculi
1471 3292 1654 3370 lormibus
1692 3306 1730 3367 tr
1779 3294 1916 3372 aversis

148 3410 344 3514 parallelis
362 3414 478 3514 magis
500 3416 563 3492 vel
579 3416 704 3494 minus
719 3416 987 3520 approximatis
1006 3417 1218 3517 amplexae,
1241 3440 1398 3516 quarum
1413 3413 1576 3516 speeiem
1590 3408 1746 3511 praebet
1797 3408 1918 3510 uphar

148 3546 217 3606 aut
226 3532 446 3728 Nynghaea
455 3536 607 3633 (Taul
618 3544 654 3616 8.
659 3538 733 3636 9)
761 3534 937 3612 Succedit
949 3560 1240 3639 nonnumquam,
1255 3535 1508 3611 maceratione
1524 3532 1670 3607 modica
1685 3516 1914 3633 praegressa,

112 3698 115 3703 -
147 3649 315 3753 singulas
363 3679 468 3745 arum
487 3655 750 3731 cellularuma
771 3654 930 3756 mliquis
954 3683 1127 3758 separare
1149 3671 1189 3732 et
1201 3670 1388 3743 evertere
1410 3653 1476 3729 ubi
1499 3651 1615 3735 fibrae
1631 3648 1805 3725 laterales
1820 3649 1916 3727 den·

147 3769 356 3849 ticulorum
375 3773 538 3874 pectinis
562 3774 681 3851 instar
701 3773 943 3850 coordinatae
965 3775 1263 3879 conspiciuntur,
1286 3789 1329 3851 ut
1347 3773 1388 3850 in
1400 3770 1578 3872 Nuphare
1593 3769 1669 3845 tab.
1694 3772 1722 3845 l.
1739 3777 1774 3846 8.
1790 3766 1914 3847 Potho

148 3891 394 3970 crastinervia
423 3906 462 3967 et
480 3894 685 3969 Cucurbita
703 3894 960 3996 Melopepone
981 3894 1073 3971 Tab.
1090 3896 1232 3973 XVlll.
1249 3897 1286 3971 5.
1302 3908 1340 3970 et
1357 3900 1415 3970 11.
1434 3888 1807 3992 repraesentavimus.

276 4010 431 4115 Optime
452 4012 706 4089 observationi
724 4015 886 4091 offertur
901 4017 1046 4091 interna
1062 4040 1260 4117 conspages
1276 4010 1503 4115 cellularum
1518 4011 1558 4085 in
1572 4008 1825 4098 Strobilaceis,
1846 4004 1911 4083 ulti

146 4128 467 4231 pellucidissimae
492 4147 589 4207 sunt.
636 4135 821 4210 Invenies
848 4134 1006 4211 cellulas
1038 4136 1167 4234 longas
1193 4133 1388 4232 depressas
1409 4128 1608 4231 superficie
1629 4129 1807 4230 utrinque
1827 4125 1911 4229 pla-

147 4247 319 4337 nissima,
361 4251 407 4324 ad
432 4251 619 4353 margines
646 4253 832 4353 parietum
855 4252 1070 4328 lateralium
1088 4268 1154 4326 aut
1173 4251 1388 4327 rectilineas
1408 4263 1660 4335 antemnates
1682 4247 1730 4321 ad
1746 4246 1909 4350 parietes

145 4365 263 4445 fibris
277 4369 393 4447 rectis
414 4368 591 4447 brevibus
604 4371 809 4462 tubulosrs
834 4398 930 4474 quae
945 4372 1306 4471 respecttadfibras
1320 4369 1481 4444 cellulae
1496 4383 1714 4467 contiguae
1744 4381 1807 4440 aut
1823 4375 1909 4439 suut

144 4478 347 4589 opposifae
366 4504 433 4567 aut
451 4491 690 4569 alternantes.
742 4493 827 4566 Non
848 4489 1048 4565 admodum
1073 4489 1231 4565 difficile
1251 4486 1421 4563 succedit
1440 4470 1598 4561 cellulas
1621 4483 1787 4584 singulas
1806 4510 1827 4559 a
1847 4505 1907 4556 re·

142 4604 263 4708 liquis
281 4633 470 4710 separare,
505 4608 571 4683 ubi
590 4608 679 4683 dein
698 4606 813 4686 fibrae
835 4626 900 4684 aut
922 4634 1064 4684 massae
1079 4609 1262 4686 cellulae
1253 4628 1450 4683 immersae
1464 4620 1529 4680 aut
1541 4618 1685 4679 tantum
1702 4597 1905 4703 appositae,

143 4724 239 4802 alias
263 4752 353 4804 vero
383 4728 603 4829 suleprum
593 4744 712 4805 instar
728 4731 934 4832 parietibus
956 4730 1122 4805 inaratae
1144 4744 1337 4835 apparent.
1389 4723 1573 4827 Exempla
1595 4720 1731 4799 horum
1745 4718 1838 4796 Tab.
1856 4723 1903 4799 V.

145 4850 365 4928 12.1s.14.
385 4848 566 4950 reperies.
739 4930 781 5017 ο
876 4890 940 4987 --δ

778 5246 830 5339 0
