4306 5520
869 477 1063 548 -1a
1150 488 1237 533 m*

241 695 245 705 '
273 675 465 755 'Valvulae
477 673 518 751 in
533 687 633 750 statu
645 669 824 750 antherae
836 671 981 774 juniori
994 673 1041 748 ad
1056 671 1239 785 margines
1254 672 1416 778 primunr
1430 674 1582 779 quidem
1597 679 1749 782 penitus
1763 684 1916 764 clausae

148 825 192 877 ac
212 813 412 874 concretae
434 809 540 882 sunt;
567 793 718 871 valvula
738 792 801 868 hic
816 805 963 867 tantum
976 795 1129 871 tenuior
1139 809 1180 877 et
1191 794 1270 871 lere
1284 796 1330 871 ad
1346 795 1616 897 epidermidem
1631 804 1748 878 solam
1763 806 1914 884 redacta

99 912 105 923 ς
148 945 229 1001 esec
251 918 363 1007 solet,
382 917 434 993 ita
458 931 502 992 ut
523 913 564 989 in
582 913 653 990 hac
667 913 773 1016 quasi
789 926 919 988 sutura
931 913 1163 991 dehiscentia
1177 913 1303 989 sutura
1317 917 1565 1018 praeformata
1582 920 1643 997 sit.
1696 926 1913 1027 Respondet

145 1038 240 1116 baec
267 1052 395 1115 sutura
422 1049 578 1112 externa
605 1033 839 1111 valvularum
867 1034 1025 1135 margini
1051 1034 1154 1125 solii,
1200 1033 1310 1134 cujus
1330 1039 1643 1142 metamorphosis
1664 1042 1816 1119 anthera
1838 1062 1908 1124 est.

144 1159 205 1235 Ad
218 1172 385 1233 suturam
395 1154 581 1245 salsulae,
597 1154 775 1243 cellulae,
788 1153 880 1228 dum
893 1152 1078 1255 oblongae
1093 1168 1159 1228 aut
1172 1157 1382 1234 maculares
1397 1174 1494 1249 sunt,
1509 1160 1736 1264 plerumque
1749 1168 1914 1268 purpen.

146 1277 367 1375 dicnlariter
385 1277 609 1362 decurrunt,
637 1273 683 1347 ab
703 1273 851 1353 interna
873 1272 991 1375 rapha
1011 1273 1184 1351 valvulae
1204 1276 1311 1376 quasi
1332 1294 1510 1380 apuncto
1523 1280 1714 1356 trationis
1729 1284 1911 1387 utrinque

145 1398 410 1487 discurrentes,
425 1397 478 1472 ita
492 1410 547 1484 ut,
560 1393 592 1470 si
606 1392 682 1471 rim
696 1392 967 1469 contractivam
981 1394 1029 1468 ad
1043 1419 1171 1470 earum
1186 1395 1463 1497 longitudinem
1472 1422 1581 1498 agere
1590 1399 1745 1499 cogites,
1757 1419 1913 1487 suturae
2020 1438 2026 1453 ·

142 1533 319 1620 ruptura,
360 1515 424 1593 nbi
446 1513 601 1590 minima
623 1513 836 1590 resistentia
858 1528 933 1602 est,
969 1513 1179 1588 necessario
1199 1531 1391 1618 sequatur.
1443 1517 1571 1592 Altera
1590 1517 1750 1596 directio
1765 1549 1839 1624 qua
1852 1524 1912 1601 ris

142 1637 333 1719 valvulam
359 1635 530 1737 aperiens
555 1633 844 1736 egere-videtur
869 1647 931 1709 est
956 1631 1002 1706 ad
1029 1633 1204 1733 paginam
1232 1636 1419 1713 internam
1444 1636 1685 1740 epidermidis
1706 1643 1910 1744 perpendi·

141 1757 294 1846 cularis,
314 1780 391 1859 quo
405 1753 487 1857 ejus
503 1755 722 1857 superficies
736 1754 891 1831 incurva
905 1751 947 1831 in
962 1751 1079 1853 magis
1094 1753 1247 1854 planam
1261 1758 1545 1860 expanderetur.
1600 1759 1729 1833 Tertia
1745 1758 1909 1864 denique

139 1876 303 1954 directio
323 1872 463 1952 virium
484 1873 675 1951 salsulam
697 1870 951 1976 aperientium
970 1872 1018 1948 ad
1037 1871 1315 1974 longitudinem
1330 1877 1448 1953 totins
1463 1875 1642 1952 antherae
1657 1893 1812 1979 spectat,
1828 1880 1912 1956 ccl-

140 1997 231 2077 lulis
251 1995 300 2071 ad
318 1992 462 2097 raphen
480 1990 835 2096 longitudinalihns.
888 1994 948 2071 lta
962 1990 1126 2094 quidem,
1161 1993 1284 2072 sirim
1297 1998 1559 2072 contractilem
1575 1997 1666 2072 solis
1680 1997 1907 2074 cellularum
2033 2000 2041 2013 '

139 2113 367 2193 membranis
392 2112 623 2191 adscriberes
641 2111 718 2212 jam
740 2113 828 2191 inde
840 2128 998 2214 ruptura
1013 2128 1163 2197 suturae
1178 2128 1216 2189 et
1231 2116 1463 2192 valvularum
1478 2117 1710 2195 dehiscentia
1725 2114 1908 2220 explicari

138 2251 287 2340 possa,
315 2234 408 2338 quin
428 2259 528 2336 opus
546 2233 742 2310 videretur
753 2232 801 2308 ad
813 2230 926 2308 fibras
942 2231 1043 2335 ipsas
1058 2247 1100 2308 et
1118 2232 1238 2311 varias
1251 2260 1380 2310 aarum
1392 2235 1530 2311 formas
1546 2262 1590 2311 ac
1605 2236 1834 2315 directiones
1846 2264 1909 2314 re·

139 2354 327 2435 sumendi.
384 2353 513 2452 Quum
540 2379 631 2432 sero
659 2352 884 2430 cellularum
906 2352 1144 2429 membranae
1161 2353 1404 2433 tenuissimae
1423 2371 1511 2430 sunt
1532 2382 1575 2432 ac
1590 2355 1832 2447 tenerrimae,
1866 2368 1907 2434 et

140 2501 208 2555 sua
227 2494 347 2551 massa
366 2473 471 2551 fibris
491 2474 606 2576 longe
630 2473 848 2559 inferiores,
874 2487 990 2573 atque
1004 2472 1118 2548 etiam
1140 2473 1180 2549 in
1199 2473 1373 2576 plurimis
1394 2475 1609 2578 plantarum
1622 2474 1778 2550 familiis
1791 2477 1908 2578 plane

138 2596 331 2699 disparere
354 2594 533 2671 ridentur
556 2593 661 2672 fibris
687 2591 779 2670 solis
804 2592 1050 2683 restantibus,
1095 2591 1186 2673 hinc
1212 2593 1366 2695 majoris
1394 2619 1456 2670 eas
1483 2593 1666 2670 momenti
1685 2592 1824 2672 habere
1843 2620 1961 2729 res.

141 2717 224 2819 ipsa
244 2722 386 2793 monet

264 2836 322 2911 ad
346 2832 583 2909 sunctmuem
611 2832 790 2909 fibrarum
811 2832 1083 2909 enucleandam
1107 2832 1274 2934 primum
1299 2833 1451 2936 quidem
1476 2833 1593 2911 fibrae
1600 2833 1908 2912 considerandae

140 2970 233 3033 sunt
255 2954 297 3033 in
324 2951 510 3060 cantheris,
546 2950 612 3026 uhi
634 2951 737 3027 solae
751 2951 1053 3055 tantumahsque
1066 2953 1219 3029 cellulis
1234 2953 1495 3056 reperiuntur·
1633 2987 1638 2995 ·

267 3074 494 3150 Offeruntur
519 3070 629 3146 nobis
655 3070 719 3146 hic
746 3072 910 3173 primum
934 3069 1158 3148 endothecia
1184 3074 1288 3148 libris
1311 3074 1427 3150 rectis
1450 3071 1632 3149 confertis
1663 3072 1903 3178 adpaginam
2033 3106 2043 3119 ·

137 3192 380 3295 epidermidis
405 3192 590 3268 internam
617 3191 993 3292 perpendicdlaribus
1019 3192 1160 3295 absque
1190 3193 1359 3283 cellulis,
1400 3191 1612 3292 cujusmodi
1641 3191 1682 3265 in
1701 3194 1902 3295 permultis
1948 3204 1950 3208 ’

137 3312 413 3414 Papilionaceis
434 3312 634 3388 observare
655 3311 762 3388 licet.
813 3311 863 3399 Si,
886 3312 979 3389 dnm
998 3311 1150 3388 loculus
1172 3312 1294 3389 adhuc
1314 3314 1463 3393 clausus
1484 3327 1556 3402 est,
1580 3311 1692 3387 fibras
1714 3311 1785 3385 sibi
1806 3308 1904 3389 lata!
1937 3348 1946 3375 ι

136 3430 241 3508 ribus
266 3452 464 3566 appressas
488 3432 536 3508 ad
560 3430 825 3534 expansionem
854 3430 1048 3506 lateralem
1069 3431 1265 3506 tendentes
1291 3448 1571 3536 repraesentes,
1615 3447 1705 3506 tunc
1726 3430 1900 3531 profecto

118 3570 268 3628 ‘earum
287 3552 366 3630 sim
384 3560 466 3627 tum
486 3551 533 3626 ad
552 3565 719 3626 suturam
739 3548 1061 3653 disrumpendum,
1091 3565 1190 3639 tum,
1224 3547 1295 3624 hac
1316 3552 1503 3654 disrupta,
1529 3549 1775 3627 advalrulam
1792 3547 1901 3623 erol-

135 3670 294 3748 vendam
320 3688 360 3749 et
386 3672 660 3773 explanandam
687 3685 855 3747 acturam
880 3696 961 3746 esse
991 3668 1095 3745 lacili
1123 3669 1346 3747 inductione
1361 3672 1545 3801 sequitur.
1591 3666 1702 3741 Idem
1723 3666 1827 3741 salet
1850 3668 1900 3745 dc

135 3790 271 3868 fibris
260 3820 301 3866 ιιι
320 3791 520 3867 asteriscos
538 3790 787 3879 coordinatis,
812 3815 910 3892 quac
923 3789 1054 3864 loculo
1067 3789 1197 3864 clauso
1210 3788 1281 3866 sibi
1297 3766 1574 3923 approximatae
1586 3785 1759 3861 radiatim
1772 3785 1900 3861 direr-

136 3927 268 4011 gentes
297 3911 437 3986 clatere
466 3912 622 4012 proprio
649 3910 689 3984 in
717 3911 979 3986 omnilateram
1000 3908 1161 3983 tendunt
1181 3909 1457 4010 expansionem.
1511 3909 1558 3982 In
1573 3903 1808 3982 endctbeciis
1832 3902 1901 3981 nbi

135 4028 252 4106 fibrae
279 4031 448 4132 singulae
475 4045 705 4131 prostratae,
749 4022 894 4103 diversa
927 4028 1137 4104 directione
1164 4028 1364 4128 dispersae,
1381 4025 1539 4125 paginae
1557 4026 1726 4100 internae
1747 4023 1897 4123 epider-

32 4132 42 4151 ‘
134 4147 248 4222 midis
267 4147 480 4250 affiguntur,
501 4149 578 4250 jam
593 4147 766 4223 valvulae
782 4147 1019 4225 dehiscentes
1034 4147 1110 4220 late
1125 4160 1295 4246 patentes
1310 4145 1576 4231 demonstrant,
1590 4145 1769 4219 elaterem
1783 4143 1897 4219 fibra·

134 4294 218 4343 rum
242 4294 304 4343 eas
327 4294 373 4353 cx
395 4282 493 4341 statu
516 4267 689 4344 involuto
710 4267 756 4340 ad
776 4280 917 4340 tautam
938 4264 1203 4367 expansionem
1218 4264 1340 4366 rigore
1356 4260 1517 4339 clastico‘
1528 4263 1768 4365 uplicnisse..
1821 4263 1894 4336 Ubi

133 4386 250 4463 librae
276 4402 450 4463 arcuatae
477 4403 541 4460 aut
562 4385 901 4463 retinaculilormes
924 4384 1080 4459 cellulas
1103 4384 1283 4483 oblongas
1305 4381 1599 4481 suhcylindricas
1624 4382 1894 4481 amplectentes

131 4506 326 4608 parallelis
348 4506 722 4608 perpendicularibus
744 4505 909 4582 seriebus
930 4503 970 4579 in
986 4504 1218 4579 valvularum
1234 4501 1418 4602 margines
1434 4516 1498 4575 aut
1513 4500 1650 4601 potius,
1666 4499 1754 4572 dum
1770 4498 1894 4572 adhuc

131 4626 285 4702 clausae
311 4642 408 4716 sunt,
440 4628 478 4699 in
505 4653 632 4701 earum
654 4616 818 4702 suturani
833 4624 1128 4728 protenduntur,
1162 4638 1253 4696 tunc
1275 4621 1450 4694 incurvae
1469 4635 1574 4721 parte
1592 4618 1750 4692 loculari
1775 4615 1894 4717 magis

132 4745 416 4847 approximatae
436 4746 667 4848 pressionem
689 4746 880 4820 clasticam
904 4743 1149 4846 experiuntur
1170 4756 1282 4841 atque
1303 4738 1464 4814 tendunt
1476 4738 1631 4837 figuram
1647 4735 1893 4811 curvilineam

132 4862 176 4938 in
194 4864 429 4942 rectilineam
450 4863 715 4955 commutandi.
770 4864 874 4938 Idem
895 4860 996 4943 valet
1010 4862 1057 4938 de
1070 4862 1173 4938 fibris
1189 4858 1431 4934 annularibus
1445 4872 1511 4932 aut
1525 4856 1724 4956 spiralibus
1739 4855 1895 4932 cellulis

1171 5000 1209 5063 rs
1435 4976 1445 4999 ⁸
