4306 5520
927 444 1261 517 -26—

219 644 342 735 Viols,
366 640 506 731 Oxalis,
521 640 734 721 (inlustras.
752 634 1077 743 Wde'mu's'itaque
1092 638 1388 733 interllossceas,
1402 640 1539 718 formas
1551 641 1796 743 triangulatas
1811 664 1977 744 regnare,
2053 628 2070 659 “

217 766 296 843 lors
317 765 428 843 etiam
447 763 488 837 in
502 761 723 837 Melaleucis
739 776 804 836 aut
816 761 976 863 Myrteis
990 776 1030 839 et
1041 761 1125 837 aliis
1139 788 1184 837 ex
1198 760 1375 837 solitariis
1389 788 1481 865 quas
1497 762 1736 850 adduximus3
1764 776 1876 862 atque
1888 760 1981 839 inde
2052 752 2055 757 ’

218 899 373 988 apparet
394 881 541 985 plantas
562 880 799 984 potissimum
820 879 971 957 habitus
989 879 1185 981 cujusdam
1204 880 1396 957 solidioris
1408 881 1530 957 virilis
1545 896 1610 955 aut
1622 880 1700 956 sors
1714 880 1862 956 altioris
1875 878 1980 954 ordi-

219 1004 277 1080 nis
298 1001 453 1078 tendere
471 1000 517 1073 ad
538 998 634 1073 hanc
653 998 828 1088 sormam,
867 1025 983 1099 quum
1002 1014 1132 1075 contra
1152 1000 1302 1103 plantae
1321 1000 1501 1089 laxiores,
1535 1014 1574 1076 et
1589 1001 1631 1074 in
1645 1000 1742 1076 serie
1757 997 1978 1101 systematis

221 1121 403 1199 naturalis
424 1118 638 1207 inferiores,
674 1117 849 1220 sphaeras
870 1131 934 1190 aut
954 1117 1139 1217 perlectas
1159 1133 1225 1194 aut
1238 1119 1417 1222 oblongas
1431 1104 1692 1221 praediligant.
1745 1119 1831 1192 Non
1844 1116 1979 1195 dubito

222 1242 346 1319 simile
370 1238 564 1342 quidpiam
589 1238 867 1314 manifestatum
894 1234 941 1310 iri
967 1236 1008 1310 in
1033 1238 1184 1314 cellulis
1212 1254 1277 1313 aut
1294 1238 1558 1315 anthediorum
1578 1253 1644 1312 aut
1662 1235 1844 1313 loliorum
1861 1236 1979 1312 immo

223 1362 264 1437 in
276 1386 378 1437 cmm
367 1356 681 1462 parenchymate
697 1358 785 1431 dum
799 1355 1093 1491 microscopicae
1107 1356 1361 1459 indagationes
1377 1355 1465 1432 satis
1478 1355 1518 1431 in
1529 1353 1603 1432 hoc
1616 1370 1812 1458 promotae
1823 1354 1978 1447 luerint,

222 1508 340 1584 quum
357 1502 470 1581 grana
493 1475 650 1578 pollinis
671 1474 782 1551 nil
746 1501 818 1551 msr
808 1474 1002 1551 cellulae
1021 1475 1165 1554 liberae
1177 1492 1219 1553 et
1233 1477 1280 1551 ad
1293 1502 1473 1567 summam
1489 1475 1760 1580 perfectionem
1775 1474 1980 1577 perductae

222 1624 303 1679 esse
320 1596 528 1675 videantur.

348 1711 789 1815 4.Gransp011inaria
813 1710 1007 1817 sphaerica
1029 1741 1115 1790 cum
1134 1713 1374 1818 triangulatis
1387 1713 1645 1790 occurruntin
1656 1713 1949 1815 Amentaceis(?
1956 1716 1977 1816 )

220 1830 507 1923 Aristolochiis,
548 1832 794 1934 Capriloliis,¹
828 1833 1078 1933 Compositis,
1116 1830 1444 1936 Campanulaceis,
1478 1831 1814 1921 Convolvulaceis,
1845 1826 1977 1911 Persa

221 1956 342 2044 natis,
382 1951 568 2041 Solaneis,
610 1948 821 2037 Contortis,
863 1950 1154 2052 Papilionaceis,
1193 1951 1468 2041 corniculatis,
1509 1950 1738 2027 Portnlaceis
1766 1952 1977 2056 perpaucis,
2070 1940 2078 1961 '

221 2073 459 2173 Halorageis,
484 2066 766 2174 Papaveraceis,
794 2066 992 2159 Gistiueis,
1018 2070 1329 2159 llanunculaceis,
1356 2070 1814 2148 GerauieisetTilisoeis.
1854 2074 1978 2177 Atque

222 2193 333 2271 etiam
355 2192 396 2266 iu
417 2190 475 2266 his
496 2188 649 2267 familiis
670 2185 847 2263 videntur
863 2213 998 2289 genera
1017 2187 1170 2265 laxioris
1190 2189 1380 2292 compagis
1394 2190 1550 2265 tendere
1562 2187 1609 2264 ad
1622 2187 1851 2267 efformauda
1864 2214 1978 2292 grana

163 2362 175 2395 ι
223 2310 425 2419 pollinsria
445 2308 656 2413 sphaerion,
677 2304 742 2379 -ad
756 2305 984 2409 triangulata
1002 2333 1109 2396 vero,
1142 2308 1333 2411 compagis
1346 2307 1550 2384 solidioris.
1568 2350 1572 2355 ·

351 2432 389 2508 6.
440 2430 480 2505 Si
500 2429 547 2504 ad
565 2424 734 2530 genesim
756 2424 888 2501 harum
907 2426 1113 2504 formarum
1133 2426 1365 2530 generalium
1381 2426 1625 2530 inquirimus,
1650 2427 1980 2515 conditionessnl·

226 2549 395 2627 ficientes
412 2546 489 2650 jam
508 2546 550 2623 in
568 2543 702 2648 primis
723 2542 837 2645 quasi·
851 2569 981 2622 earum
999 2545 1238 2623 incunabulis
1259 2547 1482 2626 invenimus.
1535 2548 1641 2623 Dum
1659 2546 1836 2626 antheras
1855 2550 1979 2627 adhue

224 2672 267 2747 in
286 2668 473 2773 gemmula
487 2663 592 2741 floris
607 2662 863 2757 occultantur,
888 2666 1053 2768 reperies
1064 2692 1178 2771 mana
1191 2668 1348 2770 pollinis
1361 2666 1432 2743 sibi
1447 2665 1609 2745 invicem
1624 2693 1799 2771 appr-essa
1810 2670 1979 2772 plerum·

226 2815 299 2892 que
320 2788 523 2873 tetraedra,
556 2809 652 2886 quae
672 2782 759 2859 dein
781 2782 954 2861 ulteriori
968 2784 1206 2876 evolutione,
1232 2788 1297 2863 uhi
1312 2815 1333 2863 s
1348 2811 1543 2889 pressione
1554 2788 1717 2889 partium
1729 2788 1978 2865 ambientium

225 2907 423 3015 paullatim
444 2904 601 2981 liberata
621 2918 726 2991 sunt,
758 2917 822 2978 aut
845 2903 885 2979 in
908 2903 1125 3009 sphaerulas
1144 2905 1423 3009 expanduntur,
1455 2919 1522 2981 sut
1541 2904 1735 3011 pressione
1751 2906 1977 3011 persistente

224 3028 397 3105 minusve
415 3022 557 3113 soluta,
590 3018 828 3155 originariam
849 3022 920 3099 sibi
942 3012 1100 3117 4οιιιιιιιι
1118 3026 1342 3105 tetraedram
1360 3039 1595 3102 conservant.
1648 3026 1882 3139 Cpnglohata
1894 3054 1978 3133 gra-

225 3146 314 3223 nula
346 3159 482 3223 statum
509 3138 616 3243 quasi
646 3139 914 3243 embryoneum
935 3166 1014 3245 quo
1035 3142 1233 3220 latebant
1223 3170 1263 3217 m
1283 3143 1470 3278 gemmula
1491 3144 1657 3221 nondum
1677 3145 1829 3283 penitus
1849 3172 1978 3227 exces-

226 3280 368 3343 serunt.
420 3260 501 3337 llili
522 3258 797 3337 effomuantur'
787 3284 836 3335 ιιι
841 3261 1011 3365 angulis,
1051 3261 1114 3338 uhi
1133 3262 1278 3366 pressio
1299 3264 1438 3354 minor,
1477 3264 1669 3342 Tiliam
1640 3290 1681 3377 ιι
1671 3264 1876 3387 excipias,
1909 3266 1975 3343 ubi

223 3384 294 3463 hili
310 3383 484 3462 laterales
498 3379 582 3484 pori
597 3394 701 3469 sunt,
729 3379 862 3457 itidem
871 3380 1065 3485 pressione
1078 3397 1117 3460 et
1131 3381 1209 3459 lors
1224 3384 1484 3461 evanescentia
1496 3360 1683 3489 parietum
1696 3383 1833 3459 exorti.
1870 3384 1977 3461 Idem

223 3502 304 3580 lere
325 3502 427 3579 valet
446 3500 494 3576 dc
514 3498 755 3603 polygonis,-
782 3496 971 3603 (hercula
992 3500 1208 3580 Passillorae
1225 3502 1302 3579 lors
1325 3503 1503 3607 primarie
1523 3504 1578 3579 nil
1597 3517 1686 3577 sunt
1705 3502 1778 3579 nist
1765 3500 1905 3607 'plana
1919 3518 1977 3583 te·

223 3620 375 3699 tracdri.
429 3620 536 3695 Setae
563 3632 629 3715 aut
656 3613 801 3719 spicula
826 3640 1025 3717 manorum
1048 3618 1233 3698 hirtorum
1255 3638 1319 3697 aut
1337 3622 1573 3723 hispidorum
1591 3619 1781 3723 principio
1801 3621 1857 3697 nil
1877 3621 1978 3697 lorte

225 3756 314 3819 sunt
334 3738 405 3815 nisi
426 3739 542 3815 librae
560 3737 875 3827 intercellulares,
903 3762 998 3839 quse
1009 3738 1099 3815 dein
1111 3756 1244 3843 agente
1257 3741 1334 3816 vita
1347 3738 1539 3817 individua
1554 3738 1658 3842 grani
1671 3738 1889 3851 pollinpris,
1918 3765 1978 3816 se·

223 3875 403 3965 parantur
420 3856 650 3935 abinvicem
671 3872 737 3934 aut
757 3856 1023 3947 dilacerantur,
1056 3872 1122 3932 aut
1143 3860 1255 3960 plane
1274 3858 1430 3938 evanida
1444 3883 1558 3965 poros
1572 3859 1614 3937 iu
1629 3854 1826 3965 superficie
1838 3882 1976 3959 granu·

223 3980 349 4057 lorum
370 3976 606 4081 relinguunt,
639 3992 706 4051 aut
724 3977 764 4051 iu
782 3975 981 4093 tubercula
998 3990 1137 4073 mutata
1155 3977 1404 4057 membranam
1413 3990 1670 4101 attepustarp
1673 3975 1795 4057 elllari
1816 3974 1973 4057 faciunt.

224 4098 353 4177 Grana
370 4094 617 4232 myocephala
632 4092 716 4171 Pini
735 4092 814 4170 fors
832 4096 996 4199 primum
1015 4096 1168 4201 globosa
1189 4112 1291 4187 sunt,
1318 4086 1440 4175 seriul
1456 4120 1587 4201 grano
1585 4122 1625 4175 se
1640 4094 1892 4197 expandente,
1924 4096 1975 4172 oh

221 4215 460 4295 firmiorem'
451 4243 490 4290 ιιι
513 4230 675 4319 utroque
693 4211 785 4317 polo
804 4214 993 4292 vesiculae
1012 4241 1245 4319 compagem,
1285 4213 1572 4321 hemisphaeriis
1593 4214 1640 4291 ad
1659 4214 1778 4293 latera
1789 4214 1971 4293 diremtis.

219 4340 266 4416 ln
284 4335 461 4439 oblongis
479 4334 602 4409 minor
623 4328 836 4410 resistentis
852 4330 1003 4408 videtur
1021 4360 1101 4411 esse
1116 4332 1158 4411 in
1171 4336 1497 4424 extremitatibus,
1513 4333 1579 4417 ubi
1594 4334 1774 4439 expansio
1788 4334 1843 4424 lit,
1863 4336 1974 4412 stric-

220 4472 306 4535 tura
324 4454 476 4533 veroin
495 4453 633 4540 medio,
668 4449 770 4528 utin
786 4452 972 4527 Heracleo
991 4453 1240 4555 conspicitur,
1276 4452 1339 4528 ubi
1359 4450 1537 4555 partiales
1555 4467 1701 4530 tantum
1718 4453 1972 4532 dehiscentiae

222 4574 327 4655 hilos
340 4576 505 4651 tomam
524 4570 715 4675 simplices
733 4584 798 4645 aut
816 4570 1041 4705 plerumque
1058 4570 1245 4673 duplices.
1297 4572 1369 4648 Sed
1387 4592 1505 4674 quum
1524 4572 1647 4651 adltnc
1665 4573 1894 4677 parcissimis
1907 4600 1973 4649 ex·

222 4692 442 4795 perimentis
457 4686 560 4765 hac
549 4716 589 4765 ιιι
609 4714 651 4765 re
671 4688 840 4765 lultus
811 4714 899 4778 arm,
928 4686 1021 4764 haec
1036 4690 1296 4767 tantummodo
1314 4690 1514 4768 euuncls'ta
1527 4691 1772 4799 hypothetica
1790 4692 1970 4782 lubeatis,

219 4810 341 4888 dones
361 4810 492 4887 lumen
506 4808 746 4912 microscopii
760 4806 873 4885 etiam
887 4806 1024 4886 haecce
1037 4809 1268 4887 abditissima
1283 4810 1523 4895 revelaverit
1638 4840 1647 4939 ·,
1894 4842 1897 4847 -
