4306 5520
859 450 1196 529 elle:

137 650 303 755 (nou
272 679 378 731 sanc
387 648 528 754 injuria
552 649 702 729 abillis
731 650 937 743 diremtae)
961 650 1114 728 cellulis
1142 650 1292 731 fihrosia
1316 652 1437 756 magis
1463 652 1566 735 inter
1593 680 1636 735 ac
1662 663 1908 809 conveniunt,

138 802 253 957 ιιιιιιιι
273 800 362 850 oum
382 772 571 863 Jasmino,
594 770 730 848 habitu
741 769 914 863 naturali
919 770 1128 859 remotiori.

190 922 548 1003 ''Endotlrecium
569 923 733 1027 Styracis
755 923 880 1025 (Tcd.
895 926 971 1003 XI.
987 926 1047 1023 9)
1065 924 1178 1003 valde
1193 924 1387 1030 peculiare
1402 941 1469 1005 est
1522 928 1778 1012 videturesse
1793 964 1911 1015 rnam-

136 1048 252 1123 braua
274 1046 388 1148 (fors
397 1046 578 1145 elastica)
598 1046 701 1146 poris
723 1044 1015 1147 quadrangulis
1005 1073 1045 1122 an
1060 1060 1200 1148 penta·
1181 1046 1267 1123 -uel
1283 1045 1474 1147 hexagona
1490 1047 1701 1154 inaequalia
1714 1056 1911 1158 dispositis

136 1165 386 1244 interstincta.
442 1166 524 1240 Ilex
541 1161 666 1263 (rat.
685 1166 760 1242 ΧΙ.
776 1175 833 1245 10.
842 1165 972 1265 )inter
983 1166 1263 1267 Aquisoliaceas
1277 1165 1396 1266 priorr
1386 1166 1630 1248 formationi
1646 1175 1758 1249 valde
1771 1186 1911 1281 repu'gss

137 1300 211 1363 nat
222 1300 262 1363 et
274 1285 407 1391 potius
427 1284 473 1359 ad
494 1284 597 1360 Rhus
618 1284 867 1386 (typhinum)
888 1287 1051 1376 accedit,
1071 1290 1160 1389 qua
1180 1286 1319 1362 iterum
1333 1286 1854 1451 affinitasalquifoliacearum
1870 1312 1911 1375 ct

136 1406 563 1485 Terebinthinacearum
581 1405 836 1483 confirmatur.
1143 1414 1163 1445 '·
1862 1424 1900 1465 ¹³

160 1628 167 1637 .
245 1550 469 1663 Pleraeque
489 1540 1553 1663 Umbellatae(TadXI.11-11l.)quasinvestigaveram
1569 1562 1831 1645 characterem
1833 1564 1911 1675 sa

134 1664 346 1770 miliarem,
371 1680 566 1754 'columnas
587 1691 651 1752 aut
671 1677 848 1779 prismata
872 1676 976 1755 fibris
993 1676 1241 1795 parietalibus
1258 1678 1372 1753 rectis
1388 1670 1634 1782 simplicibus
1641 1680 1909 1793 quadrangulis

133 1813 193 1877 sat
217 1796 439 1875 distinctum
466 1811 738 1902 praesentant,
764 1804 980 1905 quamvis
961 1799 1074 1874 etiam
1094 1796 1194 1897 inter
1213 1796 1312 1872 has
1298 1825 1375 1901 Jam
1396 1802 1618 1880 Heracleum
1642 1820 1681 1880 et
1700 1804 1908 1912 Eryngiuni
2018 1850 2023 1855 ·

131 1898 271 1994 formas
293 1910 520 2001 librarum
491 1908 785 1995 transversarium
805 1916 978 1994 offerant.
1036 1890 1214 2013 Quodsi
1205 1942 1244 1991 ιιι
1257 1916 1348 1995 Vite
1363 1920 1530 1999 asterisci
1543 1936 1784 2025 apparentes,
1812 1930 1907 2006 fines

133 2052 222 2145 suot
244 2038 421 2116 fibrarum
441 2024 630 2117 rectarum
651 2032 890 2142 parietalium
913 2037 1205 2141 polygonarum,
1247 2050 1339 2129 tunc
1358 2037 1432 2113 rite
1453 2040 1669 2117 umbellatis
1683 2045 1907 2139 associatur,

131 2136 201 2257 aiat
217 2182 309 2235 vero
325 2158 494 2237 asterisci
515 2158 591 2233 hi
578 2152 746 2262 quinque
764 2146 869 2251 fibris
890 2152 1101 2236 tenuibus
1092 2185 1132 2233 ιι
1145 2157 1378 2259 pentaedron
1394 2159 1567 2235 strictum
1582 2162 1811 2237 coordinatis
1825 2162 1908 2243 effi·-

131 2276 287 2354 ciuutur
306 2303 463 2381 quarum
485 2277 627 2357 similes
647 2277 776 2354 videre
789 2272 937 2354 licetur
936 2268 1139 2380 Stachyde
1154 2276 1277 2351 lanata
1293 2275 1419 2375 (rat.
1440 2280 1482 2357 V
1480 2281 1537 2355 ΙΙ
1554 2288 1590 2358 9
1602 2280 1675 2380 )ct
1690 2280 1730 2355 in
1745 2282 1906 2361 Colotes

131 2394 363 2476 frutescantc
389 2390 510 2493 (rut
534 2398 632 2474 XII.
660 2405 694 2475 1
705 2400 732 2496 )'.
789 2390 971 2495 Quamvis
991 2397 1178 2474 Rhamnus
1201 2396 1416 2499 (insugula)
1437 2397 1588 2474 cellulis
1609 2390 1904 2497 columnaribus',

132 2517 239 2593 Iihris
259 2517 504 2621 parietalibus
522 2517 635 2592 rectis
653 2542 727 2592 non
743 2516 895 2620 penitus
909 2519 1142 2603 contradicat
1158 2514 1272 2591 simili
1288 2513 1430 2593 formae
1444 2516 1751 2609 Umbellatarum,
1778 2514 1906 2599 tamen

131 2624 363 2739 marginibus
379 2626 566 2753 profunde
581 2622 738 2719 sinuatis
746 2636 900 2712 adhuc
888 2639 1006 2757 magis
1020 2636 1199 2763 convenit
1211 2662 1298 2712 cum
1312 2636 1904 2773 cellulisSpiraeaeMelaleucae,

130 2754 391 2843 Metrosideri,
422 2746 627 2857 Eu'geniae.
680 2814 685 2831 .
756 2772 792 2841 ’ζ
881 2834 885 2841 ,

259 2892 464 2997 Character
485 2906 699 3010 negativus,
733 2908 907 3023 omnibus
930 2907 1206 3015 Papilionaeeis
1229 2908 1350 3002 (rat
1374 2910 1450 2985 XI.
1471 2916 1583 2988 17-
1603 2916 1662 2989 19.
1685 2909 1780 2989 Tab.
1799 2840 1901 2995 ΧΙΙ.

133 3036 219 3107 1-
234 3033 293 3107 14
302 3036 317 3118 )
338 3028 559 3117 communis,
586 3042 654 3118 est,
683 3028 750 3104 des
748 3045 853 3117 ectus
867 3032 1092 3109 cellularum
1108 3030 1470 3137 subcyhndrrcarum
1487 3028 1590 3103 Iibrrs
1604 3030 1767 3107 arcuatas
1781 3047 1904 3115 trana-

128 3147 258 3247 versis,
273 3147 394 3282 quiin
409 3147 716 3225 GenistaAcacia
731 3132 936 3241 etMimosa
954 3152 1055 3227 striis
1068 3164 1215 3241 tantum
1228 3148 1540 3243 transversalibus
1555 3147 1757 3226 indicatur.
1787 3151 1903 3227 Com·

127 3266 349 3355 munissima
369 3266 488 3343 forma
501 3266 670 3343 asterisci
686 3283 785 3359 suut,
813 3271 877 3371 qui
894 3269 933 3344 in
947 3270 1058 3345 fibras
1071 3270 1220 3349 tandem
1236 3285 1379 3345 erectas
1396 3268 1560 3369 singulas
1576 3268 1764 3346 consertas
1779 3286 1902 3349 trans·

127 3403 239 3475 eunt3
284 3386 401 3465 fibrae
429 3403 603 3465 arcuatae
633 3386 802 3489 singulae
834 3390 1016 3490 disjectae
1041 3404 1108 3465 aut
1132 3389 1290 3466 seriatae
1313 3388 1354 3463 in
1383 3389 1516 3490 Cytiso
1540 3403 1578 3463 et
1598 3388 1747 3491 Spartio
1769 3390 1899 3467 locum

127 3502 281 3582 habent.
344 3508 470 3582 Cassia
497 3505 717 3606 laevigata
707 3523 845 3583 aterum
873 3509 1142 3585 endothecium
1168 3506 1309 3610 absque
1334 3506 1486 3583 cellulis
1507 3520 1574 3580 aut
1594 3504 1697 3582 fibris
1717 3507 1899 3613 propriis,

126 3623 233 3703 sicut
251 3623 291 3702 io
312 3626 435 3702 Ericis
451 3640 491 3701 et
505 3642 577 3704 cet
593 3643 818 3728 praesentat.

254 3760 313 3837 Ex
329 3762 551 3863 Saxisrageis
567 3790 659 3865 quas
672 3764 912 3841 adduximus
939 3763 1117 3854 Tiarella,
1141 3762 1340 3866 Saxilraga,
1361 3760 1593 3865 Hydrangea,
1612 3757 1898 3867 Philadelphus,

126 3894 170 3959 et
183 3882 432 3970 Decumaria,
460 3883 597 3957 mirum
616 3883 657 3959 in
675 3885 828 3961 modum
847 3884 950 3961 fibris
965 3884 1078 3973 rectis
1092 3883 1361 3986 parietalibus
1350 3898 1449 3957 inter
1462 3906 1502 3957 se
1517 3896 1556 3957 et
1571 3907 1656 3955 cum
1672 3881 1896 3965 Umbellatis

125 4001 374 4091 concordant,
415 4001 740 4079 Crassulacearum
761 4030 859 4091 nero¹
875 4006 1106 4093 consortium
1124 4027 1303 4103 respuere
1322 4000 1514 4091 videntur,
1549 4025 1639 4104 quas
1660 3998 1797 4101 majori
1809 4000 1898 4103 jure

124 4115 167 4193 iu
184 4119 364 4197 viciniam
384 4121 645 4196 Aizoidearum
667 4121 927 4201 collocaveris.

253 4242 301 4315 Ιιι
319 4240 547 4317 Ilibesiaceis
564 4239 684 4332 (rat.
707 4243 829 4318 XIII.
844 4254 879 4321 2.
897 4256 931 4325 8.
947 4246 1009 4341 4.)
1032 4244 1170 4319 Castus
1192 4255 1232 4315 et
1243 4239 1357 4316 Ribes
1370 4238 1484 4315 etiam
1498 4238 1537 4315 in
1553 4237 1704 4316 cellulis
1721 4238 1896 4315 minutis·

126 4354 230 4434 timis
255 4358 515 4436 demonstrant
538 4359 676 4435 malam
705 4361 925 4437 societatem
946 4363 1096 4449 iniisse;
1134 4358 1258 4434 minus
1278 4374 1403 4436 tannen
1425 4359 1584 4435 Loasm
1606 4358 1893 4465 praecedentem

125 4474 265 4553 Castus
286 4478 473 4555 abhorret.
527 4479 640 4554 Ribes
661 4481 807 4581 potius,
842 4496 879 4558 et
900 4482 977 4558 sors
999 4477 1261 4557 Grossulariae
1282 4480 1321 4554 in
1343 4503 1500 4580 genere,
1533 4476 1684 4552 cellulis
1709 4475 1787 4553 suis
1803 4476 1893 4551 sub-

124 4592 292 4695 globosis
312 4598 417 4673 fibris
432 4598 592 4673 arcuatis
610 4598 927 4679 subcircularibus
943 4603 989 4677 ad
1003 4600 1294 4677 Cucurbitaceas
1309 4599 1427 4700 magis
1442 4622 1595 4699 vergere
1612 4595 1800 4672 videntur.

252 4720 357 4794 Inter
376 4719 615 4795 Postulaceas
637 4719 756 4813 (rab.
773 4724 896 4801 XIII.
913 4728 1004 4803 6-
1020 4730 1074 4800 19
1085 4722 1101 4819 )
1114 4722 1258 4795 Ramex
1273 4718 1524 4816 (Acetosella)
1539 4713 1762 4791 cellularum
1776 4713 1893 4825 fibro·
1975 4714 1982 4723 '

125 4858 248 4915 mum
272 4836 394 4917 forma
421 4838 653 4941 Cyperaceas
680 4840 722 4917 in
742 4857 907 4919 mentem
933 4853 1096 4923 revocat.
1150 4837 1360 4943 Ereliquis
1379 4837 1581 4943 generibus
1595 4832 1827 4945 ¹Poligouum
1850 4848 1891 4915 et
