4306 5520
724 376 734 393 ἱ

852 452 1190 527 ...23-

140 646 191 729 ad
210 648 279 727 bas
300 650 448 727 accedit
467 648 618 727 cellulis
633 648 778 727 conicis
790 647 896 727 fibris
909 648 956 724 a'd
970 649 1117 752 apicem
1132 650 1460 755 eonvergentibns.
1513 653 1758 734 Conveniunt
1766 654 1908 737 iterum

135 768 660 869 beaberis,-.(Cbelidonium,
688 785 727 847 et
740 767 987 868 Glauciurnl)
1004 766 1155 845 cellulis
1171 770 1396 873 prismaticis
1410 769 1515 847 libris
1529 772 1776 874 parietslibus
1790 778 1906 856 rectia

136 890 382 993 simplicibus
395 889 604 980 tubulosia,
631 890 1045 967 etadRauunculaceas
1059 888 1576 992 lorsaccessumindigitant3
1604 921 1727 999 neque
1739 898 1908 1001 Papauer

140 1009 276 1117 (cujus
291 1008 388 1085 aliae
401 1008 683 1112 species'adbuc
697 1009 953 1111 indagandae)
968 1009 1030 1085 hic
1044 1009 1197 1085 excludi
1213 1010 1325 1099 valet,
1341 1012 1510 1113 quamvis
1526 1014 1689 1091 cellulae
1703 1015 1906 1119 depressae

138 1130 338 1234 elongatae
352 1144 392 1204 et
403 1128 504 1204 striis
517 1127 712 1230 parallelis
725 1129 947 1209 transversis
963 1144 1113 1215 notatae
1129 1130 1215 1219 sint,
1235 1155 1350 1232 quum
1365 1130 1690 1233 libraeparietales
1704 1135 1914 1221 tubulosae.

139 1249 234 1328 adeo
258 1249 438 1326 distincte
457 1263 733 1351 compareant..
763 1248 985 1359 ,leffersonia
1005 1250 1163 1350 liguram
1182 1247 1295 1325 nimis
1317 1247 1513 1325 obscuram
1537 1268 1770 1353 praesentat,
1801 1258 1905 1358 quod

136 1366 220 1447 Iors
234 1370 312 1444 uo'n
330 1384 407 1445 tam
429 1370 582 1473 plantae
598 1366 758 1470 speciei,
787 1392 901 1473 quam
920 1368 1136 1456 individuo,
1164 1391 1242 1445 noa
1257 1366 1328 1443 sub
1344 1368 1427 1444 sole
1438 1369 1562 1471 patrio
1577 1374 1780 1465 crescenti,
1808 1376 1906 1455 vitio

135 1486 302 1567 dandam
318 1488 432 1568 Iorct.

266 1639 451 1744 Capparis
464 1636 583 1739 (rat.
595 1638 761 1717 XVIII.
773 1638 858 1738 15.)
870 1636 1090 1743 aptioribus
1100 1635 1205 1714 fibris
1218 1636 1421 1740 spiralibus
1435 1639 1547 1741 longe
1556 1639 1757 1745 discrepat,
1770 1669 1904 1748 quana-

134 1758 196 1837 vis
216 1759 370 1865 reliquo
388 1758 523 1836 babitu
544 1757 762 1848 conveniat,
788 1757 906 1861 magis
925 1782 1015 1835 vero
1028 1757 1180 1833 cellulis
1194 1756 1397 1875 antberiois
1412 1760 1457 1835 ad
1471 1760 1706 1839 Resedamct
1717 1766 1903 1869 Tetrady·

136 1904 264 1958 nemas
284 1878 443 2009 accedit:

265 2032 449 2137 Quamvis
468 2030 508 2109 in
528 2031 659 2122 Viola,
687 2030 809 2131 (rab.
836 2032 927 2113 XV.
943 2032 1008 2131 9.)
1028 2031 1161 2135 pagina
1181 2032 1362 2111 iocularis
1381 2033 1631 2113 diversimode
1645 2052 1815 2139 pertusa,
1842 2026 1901 2117 in'-

136 2148 243 2233 soliti
263 2148 457 2257 quidpiam
476 2152 627 2244 offerat,
661 2166 789 2227 minen
806 2146 952 2255 reliqua
973 2152 1222 2229 conformatio
1236 2152 1394 2228 cellulas
1409 2154 1642 2257 prismaticas
1658 2155 1763 2231 libris
1777 2159 1903 2261 parieg

134 2254 275 2351 talibus
286 2264 399 2350 rectis
414 2266 714 2348 distinctissimas
727 2286 961 2374 praesentat,
988 2295 1079 2373 quas
1094 2296 1180 2347 cum
1193 2274 1405 2348 Anemones
1419 2273 1666 2377 etDelpbinii
1683 2258 1906 2380 comparari¹

133 2392 247 2507 licet,
278 2420 402 2499 neque
422 2391 537 2481 etiam
559 2420 579 2469 a
597 2390 934 2503 Papaaeracearum
957 2392 1078 2468 forma
1098 2390 1275 2482 absonas,
1302 2405 1345 2469 ut
1362 2392 1511 2470 deloco
1526 2391 1903 2500 bicipsiaccommo·

135 2512 242 2603 dato,
270 2513 402 2589 saltem
418 2510 492 2587 hoc
506 2529 699 2616 respectu,
727 2536 802 2586 non
817 2504 1081 2588 dubitaverim.

263 2666 301 2743 a
316 2664 496 2743 cassinas
517 2664 642 2764 (ras.
660 2664 758 2743 xrs.
778 2673 836 2743 aa.
864 2664 956 2765 11.)
971 2661 1281 2765 misrrumum
1301 2677 1340 2739 n
1359 2663 1507 2759 orsam,
1539 2646 1669 2744 seven
1685 2666 1901 2775 stampas

135 2784 327 2876 videntur,
352 2811 475 2887 neque
487 2785 582 2863 baec
593 2810 712 2889 pauca
729 2783 935 2879 sufficiunt,
956 2799 1000 2859 ut
1013 2780 1208 2860 character
1220 2782 1398 2885 aliqualis
1411 2786 1619 2862 communis
1634 2787 1748 2865 statui
1757 2789 1900 2894 possita

135 2906 367 2987 wureniunt
385 2921 510 2982 marren
531 2904 686 2991 cellulis
702 2902 909 3005 depressis,
933 2902 1186 3006 prolongatis,
1213 2900 1319 3005 libris
1333 2903 1531 3007 oppositis.

203 3102 206 3109 .
260 3042 570 3119 llanuaonlaeeac
591 3038 714 3139 (Tot.
736 3041 823 3119 XV
820 3097 833 3116 .
852 3047 899 3119 12
913 3082 964 3097 -
982 3049 1040 3120 17.
1074 3036 1175 3119 Tot.
1197 3039 1314 3117 XVI.
1339 3047 1424 3117 1-
1440 3042 1508 3140 6.)
1521 3041 1726 3145 pleraeque
1739 3020 1900 3125 distina-

130 3160 320 3239 tisaimam
341 3160 522 3264 praebent
540 3160 793 3237 characterem
812 3158 1038 3237 familiarem
1059 3155 1211 3235 cellulis
1233 3158 1459 3261 prismaticis
1479 3160 1705 3263 plerumque
1721 3163 1898 3270 oblongis
1954 3246 1965 3259 ,,

130 3280 238 3373 blaa-ia
257 3279 502 3385 parietalibua
521 3281 655 3369 rectis,
684 3306 808 3382 neque
831 3277 1029 3381 Aquilegia
1052 3277 1267 3381 paradoxon
1292 3276 1426 3367 offert,
1461 3306 1581 3383 quum
1599 3280 1824 3359 tacsslimnn
1844 3284 1897 3365 ait

133 3400 373 3503 imaginando
396 3400 556 3477 cellulas
576 3400 659 3501 ejus
681 3398 920 3474 colliculares
943 3397 984 3471 in
1003 3396 1236 3499 prismaticas
1254 3396 1535 3499 Delpbiniiaut
1549 3402 1776 3492 daemones,
1803 3405 1897 3481 dum
2034 3424 2044 3447 ’-

132 3522 307 3626 paginam
326 3521 533 3597 locularem
551 3518 698 3596 auxeris
713 3533 753 3593 et
765 3517 875 3592 fibras
890 3515 1090 3619 parietales
1106 3514 1442 3621 approximaveris,
1468 3518 1754 3594 transmutandi.
1807 3516 1896 3601 Non

129 3640 235 3719 idun
248 3644 350 3721 valet
364 3641 412 3717 de
425 3640 652 3729 Helleboro,
667 3636 884 3727 ldibbertia,
902 3651 942 3713 et
953 3636 1135 3726 Paeonia,
1154 3662 1267 3739 quae,
1287 3636 1456 3739 quamvis
1470 3664 1558 3715 vere
1571 3636 1894 3732 llanunculaccae,

130 3760 397 3839 Pomacearurn
429 3759 545 3860 magis
573 3774 639 3835 cut
670 3757 1027 3859 Tetradynamarum
1055 3756 1193 3831 formas
1221 3755 1400 3831 offerunt.
1462 3754 1624 3831 Videtur
1649 3754 1706 3831 ris
1732 3756 1895 3857 plastica

132 3895 289 3960 naturae
316 3879 357 3955 in
377 3878 507 3982 quavis
530 3876 693 3966 familia,
733 3876 849 3952 immo
870 3876 947 3950 fors
967 3874 1010 3949 in
1030 3877 1164 3977 quovis
1179 3900 1334 3976 genere,
1369 3871 1526 3946 lormam
1540 3872 1726 3975 quandam
1738 3874 1896 3955 obaras-

131 3998 339 4079 taristicam
353 3998 621 4102 praediligere,
653 3996 756 4071 baud
769 3996 892 4070 minus
908 4018 998 4070 vero
1014 3993 1052 4068 in
1068 3994 1232 4097 reliquas
1249 3990 1353 4093 qnasi
1368 3990 1534 4067 ludendo
1551 3992 1768 4093 divergere,
1788 3994 1893 4100 quod

131 4117 355 4221 praesertim
377 4117 418 4192 in
433 4116 615 4193 loliorum
633 4114 922 4191 formationibus
940 4112 1100 4187 maxime
1123 4113 1163 4186 in
1189 4110 1323 4186 oeulos
1345 4108 1463 4199 cadit;
1495 4111 1791 4213 nequemirum,
1813 4141 1895 4206 non

132 4258 238 4314 accus
259 4236 298 4313 id
317 4235 357 4311 in
376 4236 572 4313 elementis
589 4236 800 4338 plantarum
816 4230 1098 4309 abstrusissimis
1115 4230 1299 4306 accidere.

260 4358 307 4437 In
326 4355 499 4433 llutaeeis
521 4352 639 4455 (rab.
653 4355 771 4433 XVI.
785 4356 810 4429 7
823 4394 869 4406 -
890 4361 950 4429 10.
977 4348 1075 4426 rat.
1091 4350 1256 4429 XVIII.
1276 4347 1892 4449 ta.)connunischaracrerca1·

131 4469 236 4551 lulae
254 4490 342 4550 aunt
361 4477 601 4552 columnares
622 4489 688 4548 aut
706 4473 874 4550 elevatae
895 4484 960 4544 aut
979 4468 1177 4571 depressae
1199 4467 1305 4543 fibris
1322 4467 1567 4570 parietalibus
1581 4470 1890 4573 nonurnquamira

130 4593 305 4698 paginam
320 4595 527 4670 locularem
539 4592 685 4668 inflexis
702 4592 792 4667 alias
807 4590 924 4665 basim
940 4613 1015 4664 non
1028 4587 1310 4688 attingentibus.

258 4713 306 4787 ln
325 4711 565 4816 Sapindaceis
586 4708 709 4810 (rat.
725 4713 846 4788 XVI.
863 4719 967 4786 11-
978 4706 1066 4804 14.)
1081 4705 1274 4782 character
1286 4702 1481 4780 Iamiliaris
1496 4705 1662 4782 nondum
1675 4718 1887 4809 comparem

131 4827 241 4934 plura
256 4829 380 4910 adbuc
394 4857 529 4936 genera
543 4830 775 4935 inquirenda.
803 4829 1016 4905 Monstrsut
1028 4841 1155 4904 tamen
1168 4824 1327 4903 cellulas
1338 4820 1517 4927 oblongas
1531 4822 1638 4941 libris
1649 4826 1887 4909 transversis.
