4306 5520
968 443 1307 516 ...1ss-

275 656 283 665 '
391 641 621 718 Alismaceae
636 639 752 740 (rat.
767 643 800 719 I.
809 642 844 721 5.
854 640 908 741 6.)
923 639 1039 716 fibras
1057 641 1283 718 cellularum
1294 641 1635 721 retinaculilormes
1649 659 1784 748 gerunt
1797 645 1844 723 ad
1857 670 2025 725 normam

263 761 585 864 prosenchymatis
606 762 826 865 dispositas,
866 761 912 836 ad
932 759 1075 863 rapben
1095 763 1438 866 perpendiculares.
1492 764 1629 840 Fibrae
1648 780 1880 843 transversae
1893 769 2025 845 valvu-

262 878 384 956 larum
405 883 589 984 margines
609 880 1160 984 longitudinaliterdebiscere,
1186 881 1302 960 librae
1316 882 1518 988 parietales
1531 907 1623 960 vero
1636 884 1889 963 membranam
1902 888 2022 965 loculi

263 1001 494 1103 complanari
517 1018 556 1080 et
577 1003 702 1079 evolvi
721 1001 873 1078 sacient.

392 1154 532 1230 Eadem
552 1154 632 1232 fere
653 1154 782 1232 valent
799 1154 847 1229 de
865 1080 1164 1256 Nyinphaeaceis
1184 1153 1341 1276 (Tudi.
1360 1163 1395 1234 8.
1415 1156 1494 1256 9..)
1522 1154 2026 1238 ubitamencellularumor·

262 1269 369 1348 dines
389 1274 689 1376 parenchynsatis
713 1272 869 1347 formam
890 1272 1070 1350 referunt.

392 1425 619 1503 Stratiotidis
642 1426 762 1528 (rab.
780 1430 814 1503 Ι.
843 1425 1038 1525 7.)fibrae
1065 1426 1221 1531 spirales
1245 1423 1292 1500 ad
1312 1423 1457 1529 rapben
1474 1428 1806 1532 perpendiculares
1828 1431 1917 1508 dum
1940 1457 2026 1511 cur-

128 1552 132 1561 '
263 1548 390 1622 tantur
407 1547 575 1623 valvulas
597 1546 780 1622 dirimunt
800 1560 839 1622 et
857 1546 1071 1649 explanant.

392 1700 659 1777 lnGramineis
674 1698 789 1799 (Tac.
805 1704 834 1777 L
849 1707 1022 1780 10-16.
1024 1701 1043 1802 )
1057 1699 1224 1776 cellulae
1237 1696 1452 1801 anthericae
1466 1716 1611 1778 certum
1622 1701 1763 1779 babent
1770 1700 2024 1780 characterem

260 1817 500 1910 familiarem,
546 1821 613 1924 qui
639 1819 813 1896 consistit
839 1820 880 1897 in
908 1846 1035 1895 earum
1056 1818 1175 1896 forma
1201 1812 1482 1896 membranacea
1508 1823 1554 1898 ad
1573 1824 1789 1925 reetangula
1810 1822 2022 1912 accedente,

260 1936 510 2041 dispositione
531 1939 580 2017 ad
597 1940 740 2042 raphen
759 1939 1104 2044 perpendiculari,
1122 1936 1226 2014 libris
1245 1939 1358 2016 rectia
1377 1938 1627 2035 brevissimis
1667 1943 1714 2023 ad
1734 1942 1920 2045 margines
1940 1942 2024 2045 ple·

261 2085 420 2193 rumque
443 2061 655 2135 alternatim
669 2060 968 2135 clericulorum
958 2076 1075 2135 instar
1089 2057 1212 2133 infixis
1228 2059 1329 2160 quod
1343 2059 1489 2135 laxitati
1504 2044 1744 2138 enthecarum
1759 2061 1920 2139 maxime
1932 2086 2023 2137 con·

261 2176 402 2315 venit*
432 2178 568 2254 Fibrae
588 2180 675 2254 dum
698 2179 987 2270 contrahuntur,
1020 2178 1272 2254 membranam
1293 2179 1507 2255 loculorum
1528 2181 1748 2285 explanant,
1775 2195 1817 2256 et
1836 2181 2021 2284 aperiunt,

261 2323 328 2401 qur
317 2296 430 2373 dean
444 2313 510 2374 aut
524 2299 876 2400 longitudrnalrter
866 2314 1111 2374 incurrantur
1120 2312 1186 2379 sut
1198 2312 1435 2400 torquentur,
1445 2300 1631 2406 quodlors
1643 2296 1890 2403 abinaequah
1901 2317 2022 2410 struc-

259 2430 343 2498 tura
365 2417 587 2497 cellularum
600 2418 862 2506 derivandum,
889 2445 933 2495 ac
947 2415 1105 2495 ulterius
1124 2417 1402 2519 inquirendum.
1557 2490 1561 2498 .

131 2630 148 2669 ,
388 2557 433 2629 ln
455 2554 702 2659 Cyperoideis
725 2553 847 2653 (Tob.
865 2557 902 2631 Ι.
922 2563 968 2634 17
981 2596 1032 2613 -·-
1048 2555 1133 2654 19.)
1147 2553 1281 2632 asbunt
1294 2555 1459 2633 cellulae
1469 2555 1656 2655 discretae
1667 2556 1898 2661 cylindricae
1911 2539 2022 2635 subass

168 2730 172 2739 ι
249 2680 410 2752 ὀιιιιιιιε
442 2673 547 2749 fibris
575 2674 816 2750 annularibus
844 2674 1069 2753 distantibus
1095 2675 1311 2751 instructae.
1367 2677 1449 2753 Jam
1475 2675 1579 2752 bisce
1606 2675 1884 2755 characteribus
1908 2678 2022 2781 longe

262 2811 483 2899 separantur
504 2820 524 2869 a
541 2794 756 2870 Gramineis
777 2809 815 2870 et
829 2794 1061 2899 Typhaceis,
1089 2811 1128 2872 et
1142 2797 1270 2899 potius
1283 2795 1330 2870 ad
1345 2795 1668 2873 commelinaceas
1684 2811 1725 2873 et
1745 2798 2022 2885 Sarmentaceas

261 2915 456 2991 accedunt
511 2913 651 2990 Mirum
680 2914 783 3016 quod
807 2912 928 2990 forma
955 2915 1121 2992 Rumicis
1150 2915 1200 2991 sit
1220 2913 1393 3014 analoga,
1426 2914 1493 2991 ubi
1515 2914 1672 2992 stamina
1695 2941 1771 2993 non
1790 2919 1916 2995 minus
1936 2918 2020 2995 laxa

259 3060 512 3135 numerusque
529 3034 726 3110 ternarius
1376 3093 1379 3103 .

387 3157 433 3230 ln
453 3154 768 3231 Commelinaceis
797 3150 921 3254 (Tuo.
940 3156 976 3231 Ι.
997 3164 1059 3234 20.
1081 3161 1144 3232 21.
1153 3156 1172 3252 )
1188 3150 1325 3251 fibros
1350 3168 1539 3232 orcuotoc
1565 3154 1689 3256 longis
1714 3155 1881 3233 seriebus
1899 3171 2020 3233 usna·

251 3273 378 3361 ersis
416 3274 622 3376 dispositae
660 3275 890 3377 praevalent.
961 3273 1008 3348 In
1048 3272 1314 3350 Tradescentia
1354 3274 1521 3351 valvulas
1559 3275 1653 3352 latas
1693 3276 2020 3378 longitudiualiter

170 3457 175 3474 .
257 3393 444 3496 aperiunt.

376 3515 433 3589 -ln
452 3512 586 3588 lrideis
603 3513 727 3613 (rat.
743 3517 801 3590 11.
817 3520 837 3591 1
854 3552 905 3570 ·-
917 3512 983 3613 4.)
1010 3511 1109 3588 sieut
1137 3510 1178 3587 iu
1197 3512 1374 3590 Liliaeeis
1392 3513 1555 3590 cellulae
1573 3539 1727 3616 magnae
1747 3531 1835 3591 sunt
1856 3514 2019 3618 hexago-

39 3672 43 3679 ·
100 3648 105 3653 '
259 3646 433 3709 notomae
460 3632 656 3734 oblongae.
712 3629 976 3705 Characterem
1002 3642 1127 3707 tamen
1146 3631 1370 3709 familiarem
1391 3633 1577 3734 assignare
1596 3634 1762 3711 nondum
1783 3635 1876 3711 licet
1898 3635 2018 3710 donec

257 3752 368 3857 plura
388 3777 523 3854 genera
542 3751 755 3828 accuratius
774 3748 1023 3852 inquirantur.
1077 3751 1250 3827 Notanda
1265 3767 1323 3828 est
1337 3751 1581 3853 congruentia
1595 3753 1821 3830 cellularum
1832 3752 2017 3831 Helouiae

258 3897 344 3948 eum
361 3873 473 3949 Iride.

386 3992 431 4066 Ιιι
450 3991 626 4069 Narcisso
640 3988 762 4089 (Tala
776 3992 835 4066 ΙΙ.
849 3992 885 4068 6.
899 3989 962 4088 6.)
976 3988 1133 4064 cellulas
1149 3993 1370 4067 surculosus
1386 3993 1597 4071 annuatur
1610 3993 1666 4071 od
1679 3991 1827 4094 ropban
1840 3989 2018 4094 frequen·

257 4110 419 4188 tissimus
433 4112 511 4188 fors
524 4109 845 4189 &arroteristicas
861 4134 1048 4184 assumere
1062 4109 1171 4194 licet,
1199 4108 1298 4184 actio
1313 4135 1438 4186 earum
1455 4111 1689 4186 contractilis
1702 4110 1847 4213 raphen
1860 4112 2017 4214 potissi·

257 4258 360 4307 mum
381 4231 552 4308 decurtat
570 4231 743 4309 metae
761 4226 1104 4305 retinaculiformes
1117 4229 1308 4331 dispersae
1320 4231 1489 4308 valvulas
1502 4231 1595 4305 latas
1611 4231 1839 4331 expandunt.

183 4332 185 4337 ¹
385 4355 429 4427 In
456 4353 798 4428 Sarmentacearum
825 4345 949 4447 (rab.
973 4349 1138 4449 11.1o.)
1165 4348 1297 4426 Paride
1321 4351 1438 4425 librae
1461 4349 1507 4423 ad
1534 4350 1691 4463 cellulas
1715 4366 1959 4430 transversae
1975 4366 2017 4427 et
2123 4340 2128 4348 ’

256 4472 442 4575 margines
467 4471 693 4547 cellularum
718 4465 852 4544 serrati
879 4444 1131 4544 characterem
1158 4469 1353 4571 proprium
1379 4468 1560 4545 denotare
1586 4444 1771 4547 videntur
1826 4469 1982 4547 Etiam
1973 4497 2015 4544 ιιι

256 4591 497 4668 Convallaria
517 4589 634 4665 fibrae
647 4604 879 4665 transversae
898 4587 1126 4722 praevalent.

384 4714 429 4785 ln
448 4709 665 4812 Tulipaceis
688 4706 810 4805 (rat.
830 4708 940 4804 111.)
968 4731 1060 4807 quas
1084 4706 1352 4807 inquisiveram
1375 4707 1488 4784 fibras
1510 4714 1737 4789 reticulatos
1757 4706 2013 4843 cbsracterens

255 4828 481 4906 familiarem
495 4828 633 4930 reperi,
661 4828 727 4930 qui
749 4825 840 4900 alias
862 4823 998 4900 nullibi
1013 4824 1106 4900 mihi
1121 4825 1215 4902 adeo
1226 4828 1458 4907 occurrebat.
