4306 5520
869 462 1208 536 ...10-

151 677 283 743 tamen
299 658 401 737 haud
424 652 585 737 usiosis
601 608 690 737 aliia
705 657 838 736 lormia
858 658 1079 763 distinguas.
1132 662 1265 763 Neque
1284 654 1327 735 in
1346 656 1655 761 campanulac'aia
1676 654 1916 756 (rat-Via.

155 794 189 867 1.
210 793 247 862 2.
275 784 341 881 5.)
369 794 496 856 notam
525 779 867 857 characteristicum
901 778 1052 871 inveni,
1104 780 1178 856 uisi
1205 781 1246 854 iu
1276 778 1510 881 campanula
1538 777 1708 877 (nitida)
1736 778 1849 853 libras
1875 782 1922 855 ait

152 902 332 981 uidentur
347 904 551 979 solitorr‘as
564 907 744 990 serietas,
764 904 951 990 alternos,
967 926 1031 975 cus
1018 898 1121 975 sors
1135 899 1282 977 accedit
1293 899 1413 977 forma
1427 899 1605 977 fibrarum
1619 897 1660 973 in
1671 894 1920 1001 Phyteumate
2082 960 2085 965 .

153 1020 414 1123 (orbiculari)
436 1020 541 1095 fibris
561 1019 724 1095 arcuatis
747 1018 926 1095 solitariis
945 1018 1136 1121 dispersis

162 1230 165 1239 .
282 1176 327 1249 ln
348 1172 515 1247 Lahiatia
534 1170 653 1265 (rab.
671 1172 712 1248 V
709 1172 767 1249 ῙῙ
781 1178 875 1249 6-
889 1174 948 1250 14.
958 1172 1090 1263 >duaa
1102 1169 1323 1275 praesertim
1336 1168 1481 1246 formae
1492 1168 1821 1248 mancaensamse
1834 1192 1920 1273 rag·

155 1316 244 1371 aare
256 1294 394 1372 solent.
433 1290 592 1382 Prior,
570 1290 760 1367 ansalviia
779 1305 818 1367 et
835 1290 1015 1394 Nepeteis
1031 1292 1197 1367 nondum
1211 1291 1361 1394 penitus
1375 1307 1571 1393 peraperta
1586 1290 1706 1366 mihi
1694 1308 1770 1382 eat,
1791 1304 1920 1367 notan

152 1412 385 1519 peculiarem
407 1410 574 1525 hahet,
564 1410 768 1489 interstitia
789 1437 921 1514 magna
941 1410 1256 1498 intercellularia,
1284 1436 1380 1512 quae
1393 1424 1648 1486 tamenrnasaa
1662 1412 1823 1513 quadam
1836 1409 1922 1514 pali

151 1530 282 1615 lucida
307 1546 374 1633 aut
393 1530 608 1633 membrana
627 1532 774 1634 repleta
793 1531 987 1619 videntum
1020 1532 1138 1607 alteru
1159 1529 1279 1615 forma
1305 1543 1394 1605 suut
1411 1530 1577 1609 cellulae
1594 1530 1919 1637 asteriscilormea,

151 1664 220 1730 aut
237 1649 496 1741 colliculares,
517 1664 600 1726 aut
622 1650 854 1729 orbiculares
876 1653 1151 1755 complanatae,
1192 1664 1257 1726 aut
1275 1649 1529 1752 prismaticae‚
1564 1650 1611 1727 ad
1630 1650 1722 1753 qllas
1737 1648 1923 1733 accedunt

154 1771 423 1874 tubellipticae
443 1768 704 1873 marginibus
693 1770 834 1849 incisis
888 1773 972 1847 Iam
992 1772 1124 1863 etiam,
1148 1795 1183 1845 ss
1171 1767 1291 1872 quid
1305 1770 1407 1846 valet
1419 1770 1614 1848 character
1629 1797 1676 1846 ex
1689 1768 1840 1849 cellulis
1853 1795 1920 1847 au·

151 1888 311 1971 thericis
334 1904 498 1981 sumtus,
537 1903 695 1993 apparet
717 1887 840 1992 major
858 1896 1034 1992 cognatio
1059 1889 1384 1967 Verbeuacearum
1403 1916 1489 1965 cum
1511 1866 1681 1969 Lahiatis
1700 1916 1813 1993 quam
1831 1914 1920 1967 cum

152 2008 408 2117 Asperiloliis,
448 2006 572 2109 (Toh.
593 2010 691 2109 VII.
713 2019 772 2091 tt
791 2010 912 2089 16-
938 2012 1023 2111 18.)
1044 2036 1141 2113 quae
1163 2007 1242 2085 illis
1264 2036 1286 2086 e
1311 2009 1528 2087 diametro
1518 2038 1558 2086 ιιι
1577 2035 1626 2089 eo
1645 2009 1843 2113 oppositae
1862 2008 1921 2103 ui·

151 2130 309 2233 dentur,
342 2127 444 2233 quod
463 2129 575 2206 libras
594 2144 824 2207 transvertas
841 2124 1183 2207 retinaculilormes
1204 2143 1271 2204 aut
1291 2146 1476 2222 arcuatas,
1515 2130 1619 2207 utin
1639 2128 1862 2207 Polemonis
1878 2140 1921 2229 et

153 2250 394 2354 cynoglosso
418 2248 581 2325 maxime
608 2248 823 2327 efformatus
851 2249 1128 2343 demonstrent,
1177 2275 1294 2353 quum
1321 2266 1451 2326 contra
1478 2250 1520 2328 in
1547 2250 1712 2331 Lahiatis
1740 2248 1920 2347 librarum

152 2385 448 2450 transversamm
471 2369 645 2467 vixlucta
663 2369 726 2446 sit.
1899 2348 1907 2365 ’

220 2592 223 2596 ,
283 2527 329 2601 ln
349 2522 667 2602 Convolvulaceis
689 2522 812 2623 (Tot.
829 2526 951 2606 VIII.
969 2535 1056 2606 1-
1070 2526 1134 2627 4.)
1154 2525 1298 2604 formae
1310 2524 1424 2603 valde
1436 2524 1691 2629 discrepantes
1704 2524 1790 2601 aliis
1804 2522 1921 2623 etiam

151 2640 311 2720 familiia
336 2669 553 2721 communes
583 2661 798 2722 occurrunt.
858 2649 1012 2735 Forma,
1052 2672 1164 2749 quam
1192 2638 1313 2721 Phlox
1338 2655 1533 2747 (reptans.)
1561 2672 1648 2721 cum
1671 2646 1859 2721 Veronica
1879 2659 1921 2725 ct
2015 2644 2037 2701 '‘³''-

154 2760 276 2843 Brino
291 2787 526 2843 communem
535 2762 633 2857 adeo
647 2763 826 2857 distincte
839 2781 1068 2870 praesentat,
1089 2780 1272 2843 monstrat
1286 2764 1560 2842 membranulas
1574 2765 1747 2868 proprias
1761 2764 1920 2868 paginae

153 2878 372 2961 iocularis
362 2911 403 2959 m
431 2884 544 2961 fibras
571 2882 733 2962 radiales
763 2912 839 2963 nou
866 2885 1062 2964 tubulosas
1092 2888 1234 2961 excisas
1262 2884 1426 2963 cellulae
1445 2886 1616 2995 reliquae
1636 2883 1873 2963 orbicidari
1862 2912 1921 2987 ιιι·

154 2990 340 3097 sidentem
365 3003 468 3107 quod
483 3002 686 3081 discrimen
701 3006 923 3109 suppeditat
933 3005 1109 3082 fibrarum
1123 2992 1489 3111 'membranacearum
1503 3018 1542 3080 et
1555 3003 1828 3081 tubulcsarum.
1914 3082 1923 3095 ,

158 3206 164 3215 -
281 3155 484 3256 Polygalae
510 3153 629 3247 (Tala.
654 3158 780 3235 VIII.
804 3158 868 3255 6.)
896 3172 940 3235 ut
961 3175 1111 3237 caetero
1132 3156 1282 3249 habitu,
1328 3158 1443 3236 etiam
1468 3156 1620 3232 cellulis
1646 3100 1922 3235 anthericisad

153 3272 441 3471 Papilpoaatceas
473 3274 699 3365 admonent,
745 3277 916 3377 quamvis
953 3277 1067 3353 etiam
1097 3280 1384 3377 Personatarum
1417 3276 1662 3379 quarumdam
1693 3276 1826 3355 lormia
1858 3300 1920 3365 ra,-

155 3416 251 3498 apon
280 3419 349 3469 ean

282 3532 523 3622 Personatae,
536 3529 668 3625 (aab.
680 3532 800 3609 VIII.
817 3538 981 3610 8—16.
998 3548 1036 3610 et
1049 3532 1146 3613 rat
1163 3534 1236 3611 IX.
1255 3534 1402 3612 1-16.
1411 3530 1579 3623 >familia
1592 3546 1670 3605 tam
1682 3530 1760 3606 late
1771 3544 1917 3633 pateat,

154 3674 287 3728 cannes
309 3651 390 3730 lere
414 3650 554 3727 formas
577 3651 848 3754 reliquarum?
837 3651 1031 3743 imitatur,
1077 3651 1393 3742 membranaceis,
1439 3677 1536 3753 quae
1561 3649 1750 3726 interioris
1772 3650 1919 3733 ordibia

152 3768 331 3847 uideatur
348 3770 535 3871 exceptiaa
549 3828 556 3839 .
571 3786 805 3849 transversae
823 3785 966 3859 masaa,
1000 3789 1176 3850 arcuatae
1194 3782 1262 3848 a'ut
1276 3769 1615 3848 retinaculitormes
1627 3770 1743 3846 librae
1756 3771 1919 3849 mrim

156 3904 255 3965 auat.
309 3890 499 3966 veronica
522 3904 563 3964 et
587 3888 726 3967 lla-inus
749 3890 902 3967 cellulis
929 3893 1282 3967 asteriscilcrmihus
1302 3890 1418 3989 magia
1444 3887 1567 3962 adhuc
1587 3889 1633 3963 ad
1659 3891 1926 3992 Polygalaad
2016 3990 2020 3997 Ι

157 4007 477 4109 Campanulacaas
491 4008 672 4110 quasdam
687 4010 882 4086 accedunt
927 4011 1255 4098 Acantheaevero‚
1281 4025 1335 4098 ut,
1362 4006 1530 4096 iusticia,
1556 4008 1756 4099 Acanthus,
1784 4008 1931 4086 Thau&

155 4126 285 4229 bergis
306 4136 414 4219 (cum
433 4128 655 4230 Bignouia),
696 4130 850 4205 cellulis
868 4131 974 4206 fibris
994 4130 1184 4206 destitutis
1206 4127 1336 4228 (nam
1327 4156 1367 4202 ιιι
1380 4127 1549 4203 Acantho
1562 4128 1678 4204 lihcae
1692 4129 1917 4231 marginales

156 4271 399 4350 nonunquam
421 4251 534 4325 etiam
553 4249 594 4323 iu
617 4247 763 4348 reliqua
783 4250 859 4323 tela
883 4250 1067 4324 celluloaa
1084 4249 1303 4339 obveniunt,
1325 4247 1427 4323 utin
1440 4247 1627 4348 begoniae
1640 4250 1925 4351 ιιςοιιιοριιιιω

157 4382 277 4446 tatae·
283 4368 390 4445 foliis
415 4366 628 4456 observavi,
648 4392 778 4442 revera
805 4365 1059 4442 characterem
1079 4368 1303 4445 familiarem
1324 4365 1595 4468 praeseferunt.
1649 4369 1807 4468 Selago,
1824 4366 1921 4441 eal·-

155 4488 259 4565 daaia
275 4487 559 4575 etGlbhularia,
574 4512 665 4589 quas
672 4484 1204 4563 llcichenhachiusalcantheis
1218 4488 1453 4576 adnumerat,
1479 4485 1632 4564 cellulis
1646 4485 1826 4589 quidem
1815 4496 1920 4561 iataa·

156 4632 200 4685 ae
219 4604 467 4694 concordant,
503 4606 549 4679 ah
568 4604 770 4681 Acantheis
789 4631 880 4685 vero
900 4607 1130 4708 discrepant,
1164 4607 1345 4707 majorem
1362 4602 1926 4707 tamenanalcgiamcumCal:

59 4724 65 4731 ’
155 4726 339 4819 scolaria,
366 4728 647 4813 Pentatemoue,
674 4725 849 4825 Digitali,
876 4725 1036 4815 Linaria,
1064 4727 1278 4824 (acutiola)
1299 4724 1423 4824 verbo*
1429 4750 1515 4800 cum
1531 4722 1836 4829 scrophularinis
1848 4725 1930 4805 des-2

158 4850 386 4938 mensur,
419 4870 505 4921 cum
524 4842 663 4949 quihus
682 4843 797 4920 etiam
813 4844 944 4965 habitu
964 4846 1206 4924 conveniunt.
1256 4845 1430 5030 glpllulas
1444 4843 1600 4948 quales
1589 4871 1631 4921 ιιι
1641 4842 1925 4943 Acanthoaust·
