4306 5520
847 1498 1332 1645 carnuti
1561 1624 1584 1677 ,
1687 1708 1691 1721 Ι

210 1791 598 1881 Considerationos
628 1791 852 1911 generales
881 1790 1213 1907 dogcellularum
1238 1790 1495 1907 fibroaarnm
1517 1786 1668 1907 formis
1693 1750 1829 1899 trariis
1851 1786 1968 1917 etde

374 1921 378 1930 ⁵
718 1969 869 2029 earum
895 1940 1126 2029 iunctione
1150 1936 1466 2059 physiologica.
1499 2008 1503 2015 .
1574 2056 1577 2061 Ι
1637 1996 1643 2005 -

212 2408 217 2417 ,
335 2320 555 2424 Priusquam
582 2319 694 2396 hasce
722 2318 1041 2397 considerationes
1060 2320 1259 2447 generales
1279 2320 1403 2397 lector
1423 2294 1653 2397 nobiscum
1639 2284 1873 2414 instituerit,
1885 2347 1969 2443 mo·

207 2440 371 2519 nendum
393 2441 531 2533 habeo,
549 2456 592 2519 ut
609 2440 756 2515 tabulas
776 2456 921 2516 nostras
942 2467 1028 2518 cum
1045 2466 1172 2516 carum
1192 2438 1429 2545 expositione
1447 2434 1665 2542 perlustret,
1809 2450 1812 2455 '

338 2550 486 2635 Cellula
516 2548 754 2633 antherartim
783 2575 912 2635 natura
941 2585 1007 2635 sua
1029 2586 1049 2633 a
1069 2561 1225 2665 reliq'uis
1248 2559 1419 2650 cellulis,
1443 2556 1540 2662 quae
1561 2585 1691 2637 omnes
1712 2558 1793 2639 lere
1814 2542 1966 2699 plantae

206 2695 331 2784 partes
354 2681 591 2754 constituunt
615 2703 690 2752 non
720 2681 946 2779 separandae
977 2693 1074 2755 sunt
1128 2679 1323 2754 Differunt
1349 2662 1585 2755 solummodo
1608 2664 1728 2769 libris,
1763 2664 1900 2817 quibus
1919 2682 1966 2759 ad

206 2825 293 2893 vasa
288 2798 460 2903 spiralia
476 2797 670 2873 accedunt.
726 2799 823 2872 Hinc
838 2799 904 2874 din
918 2798 1144 2887 dubitabam,
1172 2824 1218 2871 an
1233 2796 1361 2898 potius
1375 2798 1533 2873 cellulas
1546 2796 1758 2876 vasculosas
1772 2800 1966 2877 nominare

205 2919 423 2999 conveniats
451 2941 530 3020 quo
548 2932 680 2993 tameo
696 2917 823 3018 potius
845 2918 1014 3021 analogia
1033 2944 1145 3018 quam
1160 2915 1279 2992 forma
1295 2916 1469 3019 specifica
1483 2924 1684 2995 enunciata
1696 2910 1841 2996 luisset
1882 2922 1965 2996 Jam

205 3063 343 3114 nomen
374 3038 595 3113 cellularum
624 3035 845 3111 fibrosarum
875 3063 955 3113 eam
983 3036 1247 3117 difficultatem
1275 3035 1454 3127 includit,
1495 3038 1605 3141 quod
1632 3062 1707 3115 uon
1733 3062 1862 3117 omncs
1888 3040 1966 3117 sint

204 3157 381 3246 librosae,
411 3182 534 3257 neque
558 3154 698 3256 ubique
713 3155 875 3230 cellulae
889 3153 1022 3244 adsint,
1044 3152 1108 3230 ubi
1124 3152 1263 3229 fibrae
1254 3155 1508 3234 inveniuntur
1557 3158 1635 3234 Sed
1647 3138 1785 3236 norben
1797 3175 1963 3237 statuen-

203 3275 293 3352 dnm
306 3290 402 3373 crat,
431 3292 469 3352 et
483 3275 559 3350 tale
572 3276 824 3376 praeplacuit,
848 3273 950 3376 quod
964 3273 1137 3375 plurimis
1155 3274 1287 3350 saltem
1303 3276 1534 3353 conveniret.

331 3396 511 3495 Analogia
537 3419 623 3467 cum
650 3394 813 3471 vasculis
839 3393 977 3468 diversi
1003 3393 1149 3494 generis
1174 3395 1334 3469 maxima
1352 3412 1457 3473 certe
1477 3411 1536 3473 est
1554 3398 1774 3474 cellularum
1796 3396 1962 3474 antheri·

204 3537 344 3591 carum.
399 3515 436 3590 Si
465 3540 593 3615 quam,
614 3511 781 3612 cujusvis
802 3513 943 3591 formae
963 3512 1021 3601 sit,
1043 3512 1303 3614 prolongatam
1323 3516 1483 3618 cogites,
1509 3514 1664 3593 habebis
1684 3519 1877 3595 vasculum
1897 3534 1962 3595 aut

204 3630 361 3734 spirale,
394 3648 459 3708 aut
480 3622 674 3734 porosum,
702 3646 766 3707 aut
785 3632 1025 3708 reticulatum
1040 3646 1104 3706 aut
1118 3631 1383 3715 scalariloruie.
1412 3638 1578 3713 Necnon
1592 3630 1789 3723 interrasa
1804 3639 1960 3715 cellulas

202 3749 396 3841 invenies,
437 3751 662 3852 corpuscula
688 3751 789 3826 dicta
817 3749 1070 3828 vermilormia
1093 3751 1288 3827 Trevirani
1313 3770 1378 3830 aut
1398 3783 1483 3832 vasa
1504 3758 1774 3835 monililormia
1792 3756 1959 3847 Mirbeli,

204 3893 408 3972 quaecum
429 3871 567 3946 nostris
589 3871 741 3947 cellulis
762 3870 922 3949 maxime
942 3869 1182 3945 conveniunt.
1237 3869 1369 3974 Neque
1390 3875 1543 3966 mirum,
1579 3904 1694 3981 quum
1715 3878 1854 3954 cellula
1873 3900 1959 3979 pars

204 3985 442 4066 elementaris
471 3989 589 4065 totius
618 3989 770 4090 plantae
798 3993 848 4066 sit
875 4016 921 4066 ex
948 4014 1021 4095 quc
1040 3990 1203 4091 primum
1225 4017 1312 4066 vasa
1334 4010 1458 4069 ortum
1478 3998 1616 4074 ducere
1635 3997 1820 4073 videntur.
1874 3997 1961 4070 Nou
2085 4076 2088 4081 ,

202 4118 329 4181 tamen
351 4107 496 4197 obstat,
518 4108 953 4185 maximumdescrimen
973 4112 1136 4185 statuere
1158 4109 1258 4183 inter
1275 4113 1433 4189 cellulas
1456 4116 1664 4190 anthericas
1682 4131 1819 4191 etvasa
1833 4114 1959 4216 cujus·

203 4250 365 4328 cumque
384 4228 543 4329 generis.
585 4228 798 4303 Discrimcn
813 4225 885 4302 boc
898 4227 973 4328 jam
990 4228 1029 4303 in
1043 4227 1220 4304 antherae
1234 4228 1352 4331 ipsius
1368 4233 1606 4334 indagatione
1619 4233 1826 4310 clarissime
1840 4232 1959 4307 mani-

201 4344 376 4436 lestatur,
404 4348 493 4421 dnm
508 4346 666 4439 cellulas
680 4373 896 4422 communes
910 4345 1073 4427 antherii
1086 4374 1171 4422 cum
1185 4349 1336 4425 cellulis
1350 4351 1565 4426 endotbecii
1581 4376 1792 4453 compares,
1820 4365 1858 4426 et
1870 4351 1958 4425 dein

202 4467 250 4542 ad
275 4468 425 4544 vascula
452 4466 606 4568 spiculis
636 4467 853 4555 staminum,
877 4491 973 4569 quac
994 4494 1194 4568 numquam
1210 4467 1250 4541 in
1264 4467 1432 4544 loculum
1445 4470 1730 4562 continuantur,
1756 4454 1956 4573 respicias.

201 4587 364 4663 Vascula
389 4585 487 4663 haee
515 4585 714 4662 staminum
736 4604 885 4687 semper
906 4601 992 4660 sunt
1012 4585 1278 4676 minutissima,
1315 4587 1405 4662 dum
1426 4587 1541 4664 fibrae
1565 4609 1695 4668 contra
1718 4590 1874 4693 spirales
1893 4603 1957 4662 aut

185 4790 187 4795 ,
202 4708 398 4782 annulares
412 4707 635 4785 cellularum
651 4710 768 4784 relate
781 4706 827 4780 ad
843 4704 910 4780 illa
924 4730 1093 4785 enormes
1107 4705 1185 4780 lare
1199 4706 1405 4793 videantur,
1427 4707 1479 4781 ita
1496 4724 1536 4783 ut
1551 4712 1698 4805 nullum
1714 4736 1841 4785 earum
1854 4733 1956 4783 com·

200 4826 382 4903 mercium
405 4828 641 4905 statuendum
663 4826 724 4902 sit.
779 4825 961 4901 Constare
968 4846 974 4859 ··
983 4849 1097 4928 porro
1112 4823 1263 4902 videtur
1278 4851 1323 4902 ex
1334 4825 1660 4985 pbservationibus
1676 4824 1956 4930 microscopicis
