4306 5520
917 442 1108 510 ...10
1197 476 1251 492 .-

203 656 290 719 sunt
309 653 523 727 truncatae;
559 639 648 713 dum
669 635 876 739 parietibus
898 636 1022 755 plagis
1046 638 1176 740 (quod
1203 634 1549 740 frequentissimum
1573 641 1657 738 est)
1680 640 1859 743 utrinque
1880 667 1970 718 acu·

200 777 345 849 tantm,
372 758 564 862 hexagona
586 757 772 845 referunt,
806 756 1019 856 cujusmodi
1041 758 1198 835 cellulas
1213 783 1493 862 nonnumquam
1506 758 1822 860 hexagonotomas
1839 763 1971 865 appel·

202 882 291 959 lari.
321 879 457 982 Pagina
478 892 666 953 caeterum
681 876 860 951 locularis
874 877 1098 953 cellularum
1112 878 1417 955 decumbentium
1431 896 1496 970 aut
1511 904 1676 954 convexa
1689 896 1755 953 aut
1770 882 1881 982 plana
1895 897 1967 958 est.

204 1004 329 1079 Etiam
350 1001 414 1076 hic
440 997 602 1072 altitudo
622 1012 687 1072 aut
706 997 844 1097 major,
878 1013 944 1073 aut
964 995 1085 1071 media
1105 1012 1170 1071 aut
1192 996 1316 1073 minor
1332 1014 1372 1074 et
1388 999 1544 1074 minima
1559 998 1796 1089 assumenda,
1825 1001 1889 1075 ubi
1905 1001 1971 1078 de·

204 1124 320 1226 nique
341 1121 382 1195 in
398 1117 556 1194 laminas
576 1131 640 1190 aut
654 1116 888 1194 membranas
904 1117 1060 1203 abeunt,
1087 1114 1133 1189 ab
1147 1116 1378 1217 epidermide
1392 1118 1581 1196 exothecii
1595 1117 1659 1193 vix
1671 1117 1968 1220 distinguendae.

330 1237 500 1316 Cellulas
517 1234 785 1312 decumbentes
799 1235 913 1309 etiam
929 1263 975 1310 ex
990 1235 1324 1313 columnaribuset
1334 1237 1563 1340 prismaticis
1577 1237 1747 1343 derisere
1764 1238 1873 1330 licet,
1904 1239 1969 1317 ubi

66 1436 78 1463 Ι,
195 1362 270 1439 bas
291 1360 337 1434 ad
358 1357 520 1460 parietes
542 1356 720 1455 utrinque
739 1353 962 1456 comprimas
978 1369 1016 1430 et
1032 1355 1209 1458 utrinque
1222 1355 1436 1460 prolonges.

328 1472 509 1554 'cellulae
525 1471 746 1576 imperfecte
763 1472 951 1573 regulares
965 1473 1011 1547 ad
1026 1473 1163 1550 lormas
1178 1501 1278 1550 nunc
1293 1475 1425 1551 allatas
1440 1476 1612 1581 proxime
1626 1476 1827 1567 accedunt.
1876 1476 1972 1555 Sunt

205 1596 491 1699 subellipticae,
526 1593 795 1696 subglobosae,
831 1591 1149 1696 subcylindricae,
1180 1595 1485 1687 subrasculosae,
1519 1595 1840 1697 subcompressae,
1873 1597 1972 1698 pris·

204 1734 303 1797 mata
333 1716 599 1814 subtetragona
628 1708 888 1811 subhexagons
917 1729 989 1788 etc.
1044 1717 1257 1790 Transeunt
1276 1714 1441 1818 denique
1461 1717 1501 1793 in
1521 1715 1680 1793 cellulas
1703 1715 1856 1818 penitus
1876 1717 1970 1795 irre·

203 1839 351 1942 gulares
386 1833 571 1909 lateribus
598 1829 869 1932 inaequalibus.
927 1832 1241 1937 Quandoquidem
1267 1835 1431 1913 cellulae
1460 1833 1676 1913 endotbecii
1702 1835 1855 1938 penitus
1883 1862 1971 1913 eva·

202 1982 356 2036 nescere
381 1950 574 2040 videntur,
610 1964 648 2027 et
665 1963 756 2024 tunc
777 1964 844 2024 aut
865 1965 1033 2031 remanat
1052 1951 1255 2054 epidermis
1276 1955 1357 2030 sola
1383 1952 1592 2046 exothecii,
1619 1969 1686 2031 aut
1700 1952 1969 2032 endotbecium

202 2077 296 2156 solis
314 2074 419 2150 fibris
442 2070 698 2149 constituitur.
1622 2088 1626 2097 '

206 2281 209 2285 ,
332 2192 506 2271 Cellulae
532 2189 654 2294 quoad
683 2189 980 2291 magnitudinem
1001 2205 1088 2267 sunt
1109 2206 1172 2267 aut
1193 2188 1367 2295 exiguae,
1393 2190 1458 2267 ubi
1478 2192 1667 2295 quantitas
1688 2193 1967 2286 diametrorum,

205 2311 404 2393 dimidium
420 2330 615 2387 mensurae
630 2324 779 2385 nostrae
794 2310 985 2400 normalis,
1001 2337 1097 2413 quae
1112 2338 1183 2385 una
1197 2309 1423 2411 sexagesima
1438 2337 1523 2412 pars
1536 2311 1661 2388 lineae
1673 2313 1890 2416 parisiensis
1898 2329 1967 2407 est,

206 2463 283 2514 non
302 2430 466 2521 excedit,
494 2444 560 2503 aut
580 2443 668 2502 sunt
688 2428 914 2521 mediocres,
948 2429 1012 2506 ubi
1035 2456 1132 2533 pene
1152 2428 1242 2503 huic
1264 2429 1492 2532 adaequatae
1514 2448 1618 2522 sunt,
1653 2449 1719 2509 aut
1737 2459 1891 2536 magnae
1904 2433 1968 2512 vel

157 2553 405 2653 Tamaximae,
434 2547 499 2623 ubi
520 2547 566 2622 ad
581 2547 672 2622 duas
689 2574 879 2624 mensuras
894 2551 1077 2626 accedunt
1090 2549 1151 2625 rel
1164 2574 1226 2624 eas
1240 2550 1576 2651 transgrediuntur.

199 2652 203 2657 ¹
331 2669 507 2747 Cellulae
532 2667 655 2768 quoad
680 2666 933 2744 dimensiones
952 2668 1144 2758 relativas,
1185 2683 1272 2742 sunt
1290 2685 1355 2744 aut
1376 2671 1475 2745 latae
1497 2684 1561 2744 aut
1580 2669 1783 2770 oblongae,
1811 2672 1968 2773 prolon-

205 2809 324 2900 gatae,
339 2788 568 2876 vasculosae,
583 2785 888 2875 subrasculosae3
916 2786 1038 2893 quoad
1051 2786 1301 2876 altitudinem,
1318 2804 1384 2862 aut
1396 2788 1600 2864 altissimae
1615 2804 1679 2864 aut
1692 2789 1801 2878 altae,
1820 2805 1886 2864 aut
1899 2791 1967 2866 de-

101 2906 130 2969 '⁴
206 2935 376 3019 pressae,
410 2922 475 2980 aut
499 2904 679 2993 humiles,
712 2909 988 3007 complanatae,
1017 2920 1056 2981 et
1075 2906 1239 3006 denique
1258 2905 1304 2980 ad
1323 2907 1555 2982 membranas
1575 2908 1806 2985 accedentes.
1862 2907 1966 2986 Lati·

207 3033 301 3111 tudo
321 3024 496 3103 distantia
515 3024 734 3125 paginarum
747 3025 944 3126 parietum,
973 3024 1134 3101 altitudo
1149 3024 1324 3100 distantia
1339 3027 1558 3128 paginarum
1577 3026 1777 3104 metienda.

249 3187 253 3194 ·
334 3145 469 3245 Qu'oad
485 3143 596 3217 situm
613 3145 810 3245 proprium
824 3146 988 3221 cellulae
1002 3159 1088 3220 sunt
1103 3159 1168 3219 aut
1181 3160 1327 3220 erectae
1340 3161 1405 3220 aut
1419 3145 1697 3223 decumbentes.
1729 3146 1814 3243 Qua
1829 3148 1963 3237 solum,

204 3274 245 3350 in
265 3295 340 3373 quo
362 3280 510 3342 erectae
526 3277 621 3351 sunt,
650 3264 917 3340 consideranda
931 3280 988 3341 est
1000 3263 1144 3340 interna
1158 3263 1273 3339 facies
1289 3263 1531 3368 epidermidis
1546 3266 1735 3343 antherae.
1789 3266 1846 3342 Ad
1860 3266 1964 3370 prio-

201 3408 260 3468 res
288 3388 501 3463 releruntur
532 3383 783 3472 columnares,
817 3385 1071 3487 prismaticae,
1099 3383 1348 3476 orbiculares,
1376 3384 1712 3489 hemisphaericae,
1740 3385 1895 3461 conicae
1924 3399 1964 3460 et

206 3506 465 3590 colliculares3
493 3502 538 3576 ad
552 3502 820 3578 decumbentes
835 3503 997 3577 cellulae
1014 3503 1207 3607 ellipticae
1223 3504 1498 3606 subellipticae,
1522 3504 1832 3605 subcylindricae,
1852 3503 1965 3583 bexa-

86 3608 89 3613 ⁵
205 3640 446 3730 gonotomae,
476 3621 694 3697 vasculosae
711 3637 750 3696 et
769 3618 1082 3698 semivasculosae
1098 3648 1246 3710 omnes,
1269 3622 1333 3697 ubi
1354 3622 1554 3723 longitudo
1571 3623 1810 3702 altitudinem
1823 3640 1862 3702 et
1875 3618 1964 3701 lati-

202 3743 373 3820 tudinem
396 3756 557 3843 superat.

334 3861 468 3957 Quoad
482 3860 770 3960 dispositionem
784 3859 884 3934 inter
898 3886 955 3949 se,
972 3859 1135 3936 cellulae
1150 3874 1214 3933 aut
1230 3858 1394 3935 scriatim
1410 3877 1623 3952 excurrunt,
1647 3879 1712 3938 aut
1722 3861 1797 3936 situ
1812 3858 1962 3936 diverso

204 3984 307 4059 inter
321 4008 360 4056 se
375 3996 464 4054 sunt
476 3978 695 4053 collocatae.
746 3979 919 4055 Cellulae
933 3979 1098 4055 seriatim
1113 3978 1318 4080 dispositae
1332 3992 1419 4052 sunt
1433 3994 1497 4054 aut
1512 3982 1740 4058 alternantes
1751 3977 1962 4056 admodum

201 4098 542 4206 prosenchymatis,
570 4112 634 4172 aut
652 4097 859 4200 oppositae.
915 4097 1036 4173 Series
1055 4096 1280 4172 cellularum
1299 4112 1365 4172 aut
1381 4112 1468 4174 sunt
1486 4100 1533 4174 ad
1552 4097 1697 4199 raphen
1717 4112 1756 4172 et
1775 4100 1961 4201 margines

197 4222 411 4298 loculorum
439 4216 788 4320 perpendiculares,
828 4232 894 4291 aut
917 4242 1002 4291 cum
1029 4216 1144 4319 raphe
1171 4215 1408 4318 parallellae,
1448 4240 1715 4318 nonnunquam
1742 4219 1958 4319 paullulum

202 4342 453 4440 divergentes.

332 4456 506 4532 Cellulae
527 4478 642 4558 porro
663 4454 887 4556 plenamque
909 4454 1075 4556 simplici
1096 4470 1214 4530 strato
1230 4455 1455 4557 epidermidi
1477 4454 1734 4559 applicantur,
1766 4470 1833 4532 aut
1851 4457 1961 4560 plura

190 4579 428 4667 ,cellularum
449 4588 562 4650 strata
584 4573 656 4647 sibi
673 4573 962 4676 superimposita
977 4574 1230 4650 inveniuntur.
1264 4662 1267 4671 Ι

329 4694 503 4770 Gallulae
523 4693 564 4767 in
585 4692 742 4768 diversis
763 4692 882 4768 loculi
903 4693 1119 4794 regionibus
1139 4709 1205 4769 aut
1226 4708 1312 4768 sunt
1331 4692 1402 4770 sibi
1417 4694 1647 4786 conformes,
1674 4711 1739 4770 aut
1753 4695 1957 4771 difformes.

198 4814 421 4891 Praesertim
432 4812 479 4888 ad
492 4810 646 4912 raphon,
671 4827 711 4888 et
724 4811 770 4887 ad
784 4812 989 4915 marginem
1002 4813 1175 4891 salsulae
1187 4814 1331 4893 variare
1345 4814 1487 4904 solent,
1510 4816 1602 4894 alias
1618 4815 1732 4892 etiam
1756 4816 1804 4895 ad
1813 4815 1959 4921 apicem
