4306 5520
1118 440 1153 457 .,.

969 458 1306 533 ‘22¹⁴'

256 648 459 754 ornyuu·
479 654 633 733 certum
653 638 929 736 articularibus
947 658 1101 737 senua·
1112 656 1367 767 ‚praeturam
1382 658 1434 735 aa
1448 644 1621 763 pigram
1633 646 1842 735 Iocularem
1857 654 2018 749 araas-‚-
2065 750 2070 759 ¹

98 850 101 855 ,
255 784 297 847 ct
307 771 451 851 atreum
467 804 552 855 cum
559 779 746 855 Montinia
761 779 912 856 cellulis
926 780 1159 882 prolongatis
1173 778 1687 856 libristransversisobscoris
1695 779 1765 854 sibi
1774 781 2016 855 associantur.

383 895 546 999 Ragonia
572 926 663 977 varo
686 900 750 979 hic
771 902 884 1006 plane
904 900 1101 1003 peregrina
1122 898 1290 991 videtur,
1320 914 1377 990 et,
1415 900 1548 977 saltem
1571 899 1696 1003 quoad
1714 899 1874 977 cellulas
1884 897 2020 975 anthe-

253 1008 370 1101 ,ficus
398 1020 528 1117 potius
550 1020 729 1097 Tiliaceis
750 1038 816 1097 aut
835 1018 1077 1123 Hypericinis
1096 1034 1140 1095 ut
1157 1019 1309 1121 quidam
1323 1020 1459 1099 volunt
1469 1034 1512 1099 et
1526 1018 1679 1122 quidem
1694 1018 1940 1095 Ghlaenaceis
1954 1016 2021 1093 ad-

256 1136 484 1213 numeranda
503 1138 616 1216 toret.
1497 1214 1502 1221 ,
1777 1218 1782 1227 ,

385 1256 430 1330 la
445 1257 634 1336 Aiaoideis
654 1258 776 1359 (rat.
791 1261 915 1339 XIII.
933 1265 979 1338 11
993 1300 1042 1315 -
1060 1256 1149 1356 14.)
1164 1254 1361 1337 character
1374 1256 1571 1335 familiaris
1585 1256 1703 1341 fibrae
1716 1273 1890 1345 arcuatae
1899 1271 2021 1333 uana

256 1392 387 1448 versae
403 1377 562 1454 cellulas
583 1379 765 1481 oblongas
786 1394 850 1454 aut
872 1378 1065 1479 elongatas
1086 1374 1375 1478 amplectentes,
1409 1376 1568 1453 nimium
1587 1377 1695 1453 laxus
1714 1394 1786 1461 ests
1813 1376 1853 1453 in
1868 1374 2024 1454 Cheno-

257 1489 375 1591 podio
393 1510 433 1570 et
453 1500 542 1575 Bata
562 1500 679 1602 magis
694 1499 800 1575 Rheo
812 1513 851 1574 et
863 1498 1075 1575 Montiniae
1087 1497 1292 1599 respondet
1305 1496 1346 1571 in
1358 1495 1502 1573 Iresine
1517 1496 1634 1597 magis
1648 1497 1842 1601 Polygono
1855 1511 1895 1573 et
1907 1496 2023 1599 Clay.

256 1612 400 1703 tonire,
438 1616 872 1723 Mesembryauthemum
898 1642 990 1697 vero
1008 1616 1170 1697 maxime
1189 1615 1549 1723 Tetradynamarum
1568 1614 1727 1696 sormam
1745 1614 2023 1693 characteristi-

256 1750 340 1805 caru
359 1735 540 1815 imitatur.

385 1856 633 1936 llosacearum
659 1856 782 1959 (Ταῦ.
802 1860 926 1937 XIII.
949 1860 997 1939 15
1009 1846 1062 1919 ·'-
1079 1867 1138 1937 19·
1164 1854 1261 1935 Tnb.
1277 1856 1396 1935 XIV.
1413 1864 1433 1941 1
1449 1897 1502 1914 -
1514 1858 1578 1957 d.)
1599 1854 1793 1937 character
1811 1854 2022 1949 Iamiliaria,

255 1964 424 2050 cellulae
448 1992 539 2053 sunt
564 1978 752 2081 oblongae
772 1994 839 2055 aut
858 1994 996 2056 teretes
1016 1992 1082 2057 aut
1099 1964 1361 2081 complanatae
1379 1973 1484 2052 tibris
1505 1977 1728 2069 transversis
1743 1976 1939 2083 parallelis
1957 1962 2024 2053 aut

256 2092 420 2169 arcuatis
444 2111 510 2171 aut
531 2098 930 2176 retinaculisormibus.
982 2102 1052 2175 Ast
1072 2096 1188 2176 etiam
1206 2098 1371 2189 cellulae
1390 2094 1631 2201 prismaticae
1650 2096 1754 2171 fibris
1777 2093 2022 2199 parietalibus

255 2209 372 2285 rectis
390 2238 468 2289 non
481 2215 633 2319 penitus
646 2218 839 2310 deliciunt,
855 2234 898 2297 ut
910 2220 1083 2321 exempla
1097 2218 1138 2295 in
1145 2217 1296 2295 Poterio
1311 2216 1515 2295 Potentilla
1531 2231 1570 2293 et
1583 2217 1734 2321 Spiraea
1748 2216 2023 2305 demonstrant3

256 2326 371 2405 ctiam
394 2332 498 2411 fibris
520 2324 661 2412 strictis
684 2340 904 2415 transversis
925 2337 966 2413 in
987 2328 1121 2439 pagina
1140 2338 1319 2429 Ioculari,
1346 2336 1524 2417 interhas
1537 2334 1783 2413 duaslormas
1796 2332 2024 2413 communis·

256 2446 369 2527 simas
388 2453 565 2531 transitus
581 2456 771 2534 statuitur.
826 2458 977 2534 Desunt
992 2480 1083 2535 vero
1100 2457 1252 2559 penitus
1269 2456 1432 2535 asterici.
1468 2446 1471 2451 ¹
1852 2438 1857 2447 Ι

258 2564 261 2569 ’
386 2574 616 2679 Halorageae
636 2573 758 2675 (ch.
782 2577 946 2655 XVIII.
974 2580 1032 2655 14.
1063 2574 1160 2655 Tot.
1183 2578 1300 2657 XIV.
1323 2584 1360 2659 d.
1377 2576 1443 2679 7.)
1458 2599 1611 2681 quoque
1626 2576 1788 2653 cellulas
1799 2588 1939 2677 gerunt
1953 2572 2023 2651 ob-

256 2686 374 2794 longo
388 2694 578 2796 ellipticas
593 2694 697 2772 fibris
710 2696 932 2773 transversis
947 2696 1110 2773 arcuatis
1124 2712 1190 2773 aut
1203 2694 1603 2773 retinaculiformibus.
1657 2694 1819 2771 Videtur
1831 2690 1894 2769 bic
1907 2708 2024 2799 typus

258 2810 300 2887 in
325 2838 467 2915 genere
494 2814 634 2917 plantis
662 2814 902 2919 hydropbilis
921 2818 1170 2907 conveniens,
1205 2833 1247 2893 ut
1263 2816 1342 2920 jam
1361 2816 1402 2892 in
1424 2811 1599 2919 Helohiis
1616 2811 1790 2917 (Typha,
1813 2812 2021 2917 Sagittario,

258 2928 455 3023 Stratiote,
476 2934 723 3040 Nymphaea)
741 2934 934 3039 apparuit,
969 2936 1120 3038 plantae
1134 2962 1224 3013 vero
1239 2934 1456 3038 atrophilus
1471 2932 1630 3009 cellulas
1645 2948 1711 3008 aut
1720 2932 2024 3011 membranaceas

258 3054 326 3127 aut
343 3052 653 3133 rstertseitornes
675 3070 740 3134 aut
750 3070 871 3131 rectas
887 3055 1088 3156 parietales
1101 3054 1367 3158 praediligunt

389 3174 433 3248 In
456 3174 710 3278 Onagrearum
734 3172 856 3275 (ch.
879 3176 999 3255 XIV.
1021 3178 1057 3254 ⁵.
1075 3182 1110 3253 6.
1129 3170 1552 3273 8-10.)Oenothera
1575 3188 1615 3251 et
1629 3172 1793 3275 Loperia
1812 3170 1925 3248 fibras
1946 3172 2026 3275 spi-

259 3288 359 3368 ‘rates
386 3294 496 3371 valde
523 3296 718 3372 distinctas
747 3276 894 3383 inveni,
934 3292 1095 3370 Fuchsia
1116 3292 1221 3367 libris
1244 3290 1407 3368 arcuatis
1427 3293 1474 3368 ad
1495 3291 1596 3370 bunc
1617 3292 1750 3369 saltem
1770 3290 2025 3367 characterem

258 3410 426 3495 heredita
455 3414 612 3493 Circaea
633 3440 725 3493 vero
743 3414 848 3491 fibris
866 3412 1114 3521 parictalibus
1132 3410 1247 3487 rectis
1261 3412 1375 3516 longe
1387 3410 1593 3513 discrepat,
1621 3428 1661 3489 et
1673 3412 1762 3488 inde
1774 3398 1891 3515 magis
1903 3409 2026 3513 vergit

259 3532 311 3607 at
328 3532 508 3635 Myrteas.

331 3744 336 3752 ι
390 3654 449 3729 Ex
462 3655 688 3734 Melaleucis
704 3654 827 3756 (Ταῦ.
843 3654 960 3732 XIV.
982 3650 1184 3751 11-1a.)
1198 3651 1352 3740 allatae,
1379 3650 1635 3727 characterem
1648 3664 1705 3725 sat
1718 3648 1833 3725 lixum
1847 3648 2025 3739 offerant,

259 3770 502 3851 Calothamni
521 3776 698 3853 fibrarum
718 3774 888 3852 defectas
907 3774 987 3848 fors
1015 3772 1300 3874 lignilicationis
1321 3796 1515 3847 excessum
1535 3770 1707 3860 denotat,
1740 3769 1842 3871 quod
1855 3768 1968 3843 etiam
1983 3768 2026 3844 in

261 3892 393 3967 Cassia
418 3894 590 3973 obtinere
616 3896 778 3973 videtur.
831 3891 1001 3995 Eugenia
1027 3892 1222 3993 Myrtacea
1249 3890 1365 3966 simili
1392 3888 1619 3965 formatione
1645 3888 1836 3991 prioribus
1856 3885 1962 3986 justo
1983 3912 2026 3965 ae

262 4012 443 4098 associata
479 4016 634 4094 minime
659 4036 751 4091 vero
770 4010 1012 4115 amygdalus,
1051 4036 1148 4114 quae
1168 4010 1322 4087 cellulis
1339 4008 1580 4113 subglobosis
1602 4008 1706 4083 libn‘s
1722 4004 1884 4081 arcuatis
1903 4021 2025 4083 wanr-

263 4134 382 4211 versis
403 4136 636 4213 consortium
655 4138 920 4209 Pomacearum
936 4132 1143 4233 efflagitare
1157 4130 1319 4208 ridetur.

262 4270 265 4275 '
392 4257 438 4331 ln
450 4254 737 4356 Tetradynamis
752 4250 870 4345 (rat.
885 4252 1003 4329 XIV.
1024 4253 1225 4352 16-20·)
1240 4248 1494 4326 characterem
1508 4242 1732 4317 familiarem
1745 4242 1854 4321 valde
1866 4244 2025 4320 distinc-

262 4384 347 4449 tum
374 4371 527 4467 inveni,
572 4372 733 4451 cellulas
759 4370 950 4473 elongatae
983 4382 1145 4461 teretes,
1183 4370 1288 4447 libris
1319 4365 1482 4447 arcuatis
1508 4361 1730 4439 transversis
1753 4360 2027 4469 subparoIIalir

260 4488 503 4573 distantibus.

394 4616 440 4687 la
454 4608 850 4715 Papaveraceis(Tab.
869 4608 988 4688 XIV.
1003 4616 1067 4687 22.
1095 4603 1192 4685 ch.
1211 4606 1299 4686 XV
1295 4664 1305 4683 .
1323 4606 1469 4705 1-8.)
1490 4602 1618 4677 nullus
1630 4614 1826 4705 comparet
1837 4599 2024 4702 generalia

265 4732 463 4811 character
471 4730 680 4807 familiaris.
709 4730 893 4821 Fumaria,
908 4727 1095 4805 Coridalis
1111 4742 1150 4803 et
1164 4724 1443 4830 Podophyllum
1460 4722 1561 4799 inter
1573 4750 1614 4799 se
1625 4720 1856 4797 concordant
1866 4718 2024 4796 cellulis

266 4850 559 4945 orcibnlaribns,
590 4848 694 4928 fibris
714 4848 960 4954 parietalibna
972 4845 1146 4926 radiatim
1160 4846 1207 4925 ad
1220 4846 1395 4951 paginam
1409 4843 1618 4921 lacularern
1631 4838 1793 4930 inflexis,
1817 4838 2025 4943 Impatiens
