4306 5520
760 1532 1105 1643 CAPUT
1171 1535 1286 1642 III.

143 1784 457 1877 Adnotationes
472 1788 695 1908 generales
708 1787 761 1874 de
771 1787 921 1876 formis
933 1788 1292 1877 characteristicis
1304 1790 1557 1879 cellularum
1566 1791 1901 1905 anthericarum,

310 1936 317 1949 ’
456 1957 657 2054 respectu
678 1936 829 2027 habito
851 1938 907 2026 ad
922 1956 1107 2056 systema
1121 1937 1367 2054 plantarum
1381 1941 1590 2028 naturale.

269 2319 314 2393 ln
337 2318 579 2398 Saltiniaceis
600 2335 640 2397 et
657 2319 969 2423 Lycopodiaceis,
995 2319 1136 2422 (Conf.
1153 2318 1251 2398 rat.
1267 2321 1431 2400 XVIII.
1451 2328 1485 2402 8.
1500 2328 1535 2399 6.
1549 2323 1615 2423 7.)
1635 2322 1727 2400 alias
1747 2258 1904 2430 tad-Cry-

141 2437 371 2541 ptogamiam
387 2440 533 2532 relatis,
561 2466 652 2518 vero
674 2440 820 2543 polline
834 2463 910 2514 non
924 2439 1122 2541 praeditis,
1145 2466 1267 2541 neque
1281 2441 1395 2516 etiam
1408 2441 1571 2517 cellulae
1585 2443 1744 2519 fibrosae
1760 2445 1800 2518 in
1814 2471 1902 2547 spo·

140 2557 272 2658 rangio
290 2558 543 2660 reperiuntur.
597 2559 768 2663 Equiseti
790 2558 912 2657 (Tot.
933 2561 1009 2636 IV.
1028 2560 1090 2659 8.)
1105 2574 1231 2636 tamen
1245 2559 1438 2661 capsulae,
1461 2575 1503 2634 ut
1524 2562 1568 2635 L.
1584 2559 1655 2638 Cb.
1673 2564 1900 2644 Trevirauus
2012 2646 2021 2667 ι

139 2675 286 2780 ρι’ἱιιιιιε
299 2677 569 2768 observaverat,
597 2677 700 2754 fibris
716 2678 916 2781 spiralibus
932 2678 1139 2755 instructae
1153 2695 1250 2770 suut,
1279 2695 1392 2782 atque
1405 2678 1444 2753 in
1457 2704 1504 2755 eo
1517 2706 1645 2757 revera
1660 2681 1900 2760 antherarum

140 2793 394 2874 characterem
413 2827 503 2903 prae
527 2826 566 2876 se
588 2798 734 2885 ferunt3
760 2796 873 2873 etiam
895 2799 1070 2899 sporulae
1090 2797 1365 2899 magnitudine,
1393 2797 1531 2888 forma,
1559 2800 1777 2877 etsovillari
1792 2806 1900 2906 qnasi

141 2913 349 2991 substantia
363 2918 595 2998 iuvesiculis
611 2931 803 3005 contenta,
831 2916 1175 3019 adpollinisgraua
1188 2918 1351 2994 maxime
1365 2919 1566 3008 accedunt,
1594 2923 1898 3022 neque'elatares
1996 2912 2004 2924 ’

140 3060 214 3137 qua
234 3034 297 3110 fila
321 3035 473 3138 penitus
497 3038 617 3116 libera
638 3036 857 3114 staminibus
878 3036 1161 3139 aequiparandi,
1198 3039 1292 3113 adeo
1314 3053 1356 3113 ut
1378 3039 1424 3114 de
1445 3039 1640 3115 functione
1660 3039 1793 3117 harum
1813 3068 1900 3145 par-

139 3154 237 3230 tium
256 3155 429 3233 dubitare
448 3157 708 3234 adhucliceat.
763 3154 886 3230 Etiam
902 3157 1054 3233 Zamiae
1069 3155 1193 3256 (Tub
1209 3158 1242 3232 I.
1260 3163 1293 3234 1.
1309 3159 1471 3236 XVIII.
1486 3156 1783 3258 4)couiotheca
1796 3187 1898 3239 mere

138 3274 420 3380 epidermidalis
441 3293 516 3368 est,
544 3303 619 3380 quo
642 3276 894 3378 cryptogamis
917 3278 1095 3353 accedere
1115 3277 1276 3352 ridetur.
1866 3294 1906 3363 π)

264 3394 447 3470 Aroideae
469 3395 586 3495 (rab.
609 3399 643 3471 I.
663 3405 698 3472 2.
721 3396 782 3494 8.)
809 3409 943 3495 typum
964 3395 1073 3470 nobis
1093 3394 1157 3469 hie
1178 3409 1411 3470 constantem
1432 3396 1614 3485 offerunt,
1656 3399 1813 3473 cellulas
1832 3414 1897 3474 aut

137 3511 372 3616 prismaticas
398 3531 463 3589 aut
488 3516 739 3603 columnares,
780 3513 891 3601 altas,
930 3514 1034 3589 fibris
1059 3513 1304 3616 parietalibus
1330 3515 1460 3604 rectis,
1500 3514 1646 3617 paginis
1664 3514 1896 3591 locularibus

138 3631 260 3707 nudis.
312 3634 501 3712 Videntur
526 3635 620 3710 tales
649 3632 831 3722 cellulae,
869 3659 985 3733 quum
1012 3634 1232 3734 praesertim
1253 3635 1292 3708 in
1313 3633 1477 3709 antheris
1498 3632 1760 3720 crassioribus,
1791 3635 1897 3711 utin

135 3751 351 3843 Dictamuo,
378 3753 599 3854 Euphorbia
612 3770 650 3831 et
662 3768 733 3830 cet.
750 3768 960 3841 occurrant,
984 3753 1119 3855 majori
1135 3754 1172 3830 vi
1189 3753 1436 3828 contrahente
1449 3749 1643 3852 praeditae
1654 3777 1753 3839 essc;
1780 3768 1896 3853 agunt

138 3897 209 3945 una
233 3873 356 3946 solum
377 3872 603 3963 directione,
631 3874 749 3951 luculi
771 3900 903 3948 cavum
925 3874 1095 3973 augendo
1109 3889 1147 3948 et
1162 3872 1392 3947 valvularum
1407 3869 1592 3969 margines
1605 3870 1896 3948 dirimendo.-

136 3988 276 4064 Pothus
293 3990 418 4089 (Tob.
439 3994 604 4071 XVIII.
619 3998 653 4072 5
663 3997 682 4093 )
702 3993 806 4070 fibris
821 3993 983 4069 arcuatis
996 3993 1073 4093 jam
1088 4019 1110 4066 a
1124 4006 1218 4092 typo
1232 3988 1453 4065 Aloidarum
1468 3989 1654 4078 abscedit,
1680 3983 1893 4068 accedendo

138 4108 183 4183 ad
200 4109 535 4210 Hydrocharideas.

263 4229 397 4331 Typba
423 4230 807 4328 (Tat.1.t)fibr1s
831 4225 1217 4307 retinaculiformibus
1240 4243 1345 4303 recte
1370 4228 1416 4302 ad
1437 4224 1615 4303 Helcbias
1638 4227 1774 4316 relata,
1816 4191 1893 4330 quo

134 4346 249 4424 etiam
263 4348 395 4424 stricte
410 4375 430 4422 a
450 4349 663 4424 Gramineis
678 4365 715 4425 et
730 4349 974 4452 Cyperoideis
990 4361 1195 4449 separatur
1250 4347 1295 4420 Id
1309 4347 1545 4448 potissimum
1562 4347 1753 4449 peculiare
1768 4344 1890 4432 habet,

135 4467 237 4568 quod
249 4467 427 4543 fibrarum
442 4470 556 4544 series
570 4471 617 4542 ad
630 4468 772 4571 rapheu
787 4468 992 4571 parallelae
1006 4469 1097 4555 sint,
1124 4467 1214 4541 dum
1229 4465 1320 4540 alias
1335 4464 1672 4541 retinaculiformea
1688 4466 1733 4538 ad
1748 4463 1892 4564 rapben

134 4587 466 4688 perpendiculares
497 4614 578 4664 esse
609 4589 764 4663 soleant.
820 4591 947 4685 Quum
979 4604 1102 4688 partes
1129 4601 1360 4660 transversae
1391 4585 1567 4660 fibrarum
1595 4574 1752 4685 reliquis
1782 4607 1892 4682 prae-

134 4706 304 4811 valeant,
337 4721 377 4782 et
403 4707 504 4780 inter
528 4707 793 4809 dissepimeuta
814 4707 1103 4807 longitudinalia
1126 4703 1366 4808 epidermidis
1385 4704 1508 4781 locata
1531 4703 1624 4793 sint,
1663 4702 1891 4779 censendum

134 4839 210 4912 est,
240 4823 373 4900 harum
392 4826 541 4901 actione
560 4824 730 4903 valvulss
748 4826 968 4902 introvolvi.
