4306 5520
901 454 1241 529 ...0-

187 696 207 715 .·
320 651 446 731 Etiam
470 651 534 729 dri
561 648 736 729 fornicati
764 651 877 751 (Tab.
900 653 929 728 l.
952 661 1015 745 2.)
1042 653 1207 730 cellulae
1226 655 1402 756 exemplo
1419 655 1676 746 adducendae,
1716 655 1954 758 ubiquaque

192 770 353 849 maxime
365 772 580 875 pellucidae
594 788 691 863 sunt,
705 770 758 849 itt
771 790 816 848 ut
830 771 945 848 fibrae
963 772 1163 850 tubulosae
1177 773 1815 877 exinternalacieepidermidisbasi
1826 773 1953 850 latiori

193 890 367 993 paginam
387 891 595 969 Iocularem
615 917 774 983 versus,
787 892 1129 996 inter-angulorum
1148 894 1247 970 acies
1261 894 1486 969 cellularum
1500 895 1802 997 prismaticarum
1817 894 1956 973 laeum·

193 1009 344 1088 drarum
373 1026 539 1100 erectae,
569 1011 780 1093 clarissime
807 1012 1160 1115 conspici'valeant.
1214 1013 1369 1089 Adduco
1389 1012 1482 1089 baec
1502 1015 1640 1114 partim
1656 1015 1711 1117 pb
1730 1014 1953 1090 tubulorum

192 1129 377 1231 majorem
391 1131 716 1232 perspicuitatem,
743 1131 881 1234 partim
898 1130 1146 1208 ob'fibrarum
1162 1132 1285 1221 situm,
1299 1132 1365 1234 qui
1379 1157 1455 1209 nen
1468 1131 1615 1210 in-cavo
1628 1132 1862 1222 cdlularum,
1891 1129 1956 1206 sed

193 1250 324 1325 revera
348 1263 452 1323 extra
479 1251 626 1351 positus
654 1277 736 1327 esse
763 1250 922 1326 videtur.
953 1253 1153 1329 =Cellulac
1178 1253 1242 1326 Ari
1270 1251 1463 1354 pertinent
1494 1252 1540 1324 ad
1564 1253 1817 1351 prismaticaa,
1857 1276 1958 1355 quae

24 1460 30 1467 ,
179 1365 521 1470 'frequentissimae
542 1395 586 1444 ac
605 1371 735 1446 formis
758 1371 868 1449 valde
889 1371 1002 1447 variis
1015 1400 1085 1477 per
1098 1371 1753 1477 plantarum'familianreperiuntur.
1808 1370 1958 1447 Distin-

195 1487 326 1591 guein
346 1487 498 1564 cellulis
516 1490 742 1591 prismaticis
760 1491 934 1595 paginam
955 1490 1286 1594 epidermidalem,
1331 1518 1427 1594 quae
1448 1491 1672 1592 epidermidi
1691 1490 1801 1567 affixa
1815 1489 1956 1589 haeret,

194 1607 423 1696 Iocularem,
456 1633 553 1709 quae
575 1625 680 1712 patet
699 1610 739 1684 iu
759 1637 890 1686 carum
909 1611 1046 1702 loculi,
1075 1636 1173 1713 quae
1194 1611 1283 1687 dein
1303 1612 1350 1685 ad
1363 1612 1547 1712 margines
1559 1610 1768 1711 parietibus
1783 1626 1851 1685 aut
1863 1611 1960 1687 late·

193 1726 299 1839 ribus
329 1741 492 1830 quatuor
517 1730 565 1803 ad
591 1757 656 1806 sex
684 1729 1033 1807 circumcluduutur
1059 1729 1183 1829 (rat.
1207 1731 1256 1809 V.
1279 1730 1379 1830 dt).
1440 1728 1604 1805 Parietes
1635 1726 1745 1803 fibris·
1760 1732 1874 1805 rectis
1894 1745 1960 1806 aut

195 1826 361 1937 (darius)
381 1847 548 1924 incuruis
567 1850 743 1927 obsessae
765 1863 869 1941 sunt,
897 1864 1076 1954 quaeant
1095 1863 1183 1925 sunt
1199 1875 1289 1929 vere
1308 1848 1620 1937 intercellulares,
1644 1847 1850 1949 parietibus
1866 1849 1960 1924 aici-

186 1986 330 2047 aarum
350 1967 576 2043 cellularum
598 1971 671 2044 sibi
693 1972 954 2072 contiguarum
976 1992 1212 2056 communes,
1246 1967 1370 2066 (Tab.
1396 1969 1518 2046 VIII.
1539 1969 1623 2068 10.)
1645 1981 1711 2042 aut
1727 1988 1819 2043 vero
1840 1967 1959 2043 cuivis

196 2085 362 2160 cellulae
375 2087 560 2188 propriae,
577 2089 628 2162 ita
646 2105 688 2164 ut
700 2105 874 2184 respectu
890 2091 935 2165 ad
950 2086 1207 2165 aliasoellulas
1216 2087 1422 2187 contiguas,
1434 2102 1503 2161 aut
1510 2086 1582 2161 sibi
1589 2101 1831 2190 opponantur
1839 2084 1958 2185 (Tae.

197 2204 292 2283 XV.
303 2206 402 2305 11.)‚
428 2222 494 2281 aut
506 2208 695 2285 alternent
708 2207 823 2300 (Tab.
840 2211 914 2287 XI.
928 2218 1016 2302 19.).
1045 2210 1182 2285 Fibrae
1195 2230 1463 2306 nonnunquam
1475 2206 1522 2280 ad
1535 2208 1719 2309 margines
1734 2208 1774 2281 in
1788 2205 1962 2307 paginam

196 2321 406 2400 locularem
421 2325 675 2419 inflectuntur,
690 2328 755 2403 ubi
767 2343 831 2404 aut
844 2329 1026 2432 abruptae
1040 2344 1128 2404 sunt
1141 2327 1316 2402 radiatim
1329 2325 1621 2429 circumpositae
1635 2324 1752 2425 (rat.
1761 2326 1965 2420 xristu,-

198 2458 265 2521 aut
285 2445 444 2521 ulterius
462 2444 684 2547 productae,
719 2462 784 2523 aut
798 2448 911 2550 plane
927 2448 1131 2550 marginem
1144 2445 1363 2551 oppositum
1378 2443 1568 2551 attingunt
1581 2445 1621 2520 in
1633 2442 1746 2521 libras
1760 2443 1961 2545 parietales

200 2588 223 2640 e
242 2563 397 2664 regione
424 2564 512 2641 sitas
534 2568 776 2643 continuatae
800 2567 924 2666 (Tab.
940 2569 1025 2646 XV
1021 2572 1055 2646 I.
1074 2577 1132 2648 12.
1141 2570 1172 2669 )
1224 2566 1345 2668 Saepe
1362 2580 1489 2642 tamen
1511 2563 1670 2669 paginae
1689 2562 1879 2638 loculares
1897 2588 1962 2639 ru·

200 2682 301 2784 gulis
328 2699 473 2759 tantum
500 2701 567 2759 aut
600 2687 701 2762 striis
727 2687 905 2763 librarum
930 2687 1018 2763 loco
1044 2703 1223 2764 notantur
1249 2682 1368 2777 (Tab.
1388 2686 1476 2765 XV
1471 2686 1530 2763 II.
1548 2690 1618 2774 λ).
1676 2681 1853 2782 Ρῦςὶηθω
1879 2682 1962 2785 epi·

200 2800 444 2905 derffiidalem
463 2803 505 2877 in
522 2805 674 2882 cellulis
696 2805 922 2909 prismaticis
943 2832 1133 2908 nunqnam
1152 2805 1257 2880 libris
1281 2803 1443 2879 obsitam
1460 2802 1597 2906 reperi.
1657 2801 1714 2876 Ad
1726 2800 1965 2902 prismatioas·

95 2994 100 3001 .
200 2916 387 2997 accedunt
411 2923 646 3001 columnares
670 2924 735 3000 ubi
756 2924 918 3027 parietes
940 2926 1057 3026 magis
1079 2925 1140 3001 vel
1154 2924 1275 3001 minus
1289 2920 1455 3025 cylindri
1471 2920 1709 3027 superficiem
1722 2933 1964 3025 praesentant

203 3039 330 3140 (Tab.
351 3040 401 3120 V.
417 3044 531 3141 24.),·
557 3043 596 3116 in
616 3042 676 3117 his
691 3043 802 3119 fibras
821 3042 1122 3119 intercellnlares
1141 3042 1332 3147 simplices
1346 3066 1424 3119 non
1436 3038 1963 3143 invenieu·quin·plerumque

201 3160 328 3238 miuus
346 3161 552 3263 contiguae
578 3177 675 3237 sunt.
730 3163 800 3238 Ubi
823 3163 1060 3238 columnares
1078 3162 1191 3239 ualde
1210 3162 1410 3267 depressae
1429 3174 1533 3250 sunt,
1566 3156 1797 3235 orbiculares
1817 3157 1963 3234 vocavi.

205 3281 329 3381 (Tab.
389 3282 437 3358 V.
454 3283 526 3381 5.).

361 3378 514 3477 ¹enesim
529 3402 707 3477 fibrarum
719 3399 1019 3479 interstitialium
1034 3398 1256 3503 praesertim
1269 3397 1311 3479 in
1324 3398 1436 3480 Viola
1449 3400 1605 3477 odorata
1619 3412 1657 3473 et
1671 3400 1863 3475 doemone
1876 3395 1968 3471 Pul-

206 3502 478 3614 satilla³(Ted.
502 3523 593 3598 XV.
621 3529 657 3601 9.
675 3522 715 3624 f.
736 3537 775 3598 et
795 3525 875 3620 18.)
902 3523 1101 3601 admodum
1134 3517 1319 3595 destincte
1352 3520 1552 3598 obseruare
1576 3515 1680 3592 licet.
1747 3518 1967 3619 Membrana

206 3639 366 3742 paginae
384 3638 566 3715 locularis
586 3639 633 3715 ad
652 3641 837 3741 margines
857 3641 1076 3745 aequalibus
1093 3637 1281 3715 distantiis
1297 3639 1491 3738 producta,
1511 3637 1556 3711 ad
1573 3636 1691 3711 latera
1703 3630 1968 3713 denticulatim

208 3757 414 3846 descendit,
431 3759 528 3833 unde
543 3760 583 3834 in
597 3756 807 3836 intervallis
821 3762 978 3836 lacunae
995 3759 1270 3861 relinguuntur,
1288 3764 1486 3857 quaecum
1493 3754 1843 3856 contiguiscellnlis
1852 3776 1967 3855 poros

209 3876 485 3980 quadrangulos
513 3876 703 3960 efficiunts
742 3878 836 3957 haec
862 3879 904 3955 in
923 3879 1047 3956 Viola.
1100 3880 1144 3951 ln
1167 3880 1359 3952 Anemonc
1380 3873 1425 3949 ad
1450 3874 1612 3978 parietes
1639 3874 1839 3950 canaliculi
1861 3872 1969 3947 trila-

209 3995 348 4071 terales
376 3995 580 4087 subsident,
602 3998 668 4098 qui
689 4024 777 4073 curn
797 3999 982 4105 oppositis
996 3996 1160 4073 cellulae
1180 3995 1380 4097 contiguae
1399 3994 1553 4070 tubulos
1570 3993 1770 4070 efforrnaut
1784 3991 1968 4095 quadran·

211 4110 375 4212 gulares,
408 4140 569 4216 quorum
589 4117 619 4191 si
636 4116 798 4218 parietes
812 4118 981 4194 dumores
996 4132 1100 4208 sunt,
1122 4141 1251 4192 revera
1262 4112 1373 4189 libras
1386 4113 1633 4189 constituunt
1688 4113 1733 4186 ln
1746 4111 1863 4215 priori
1879 4136 1968 4189 casn

212 4229 291 4305 Iors
309 4247 454 4307 tanturn
474 4235 558 4335 pori
581 4251 795 4336 emergunt;
822 4237 887 4311 aed
898 4237 1009 4312 datur
1023 4237 1202 4321 transitus
1215 4261 1262 4311 ex
1277 4261 1348 4310 una
1362 4233 1481 4309 Iorme
1495 4232 1535 4305 in
1547 4230 1715 4307 alteram.

218 4410 224 4419 .
342 4354 443 4425 Dum
468 4351 508 4425 iu
525 4353 678 4429 cellulis
699 4353 975 4431 orbicularibna
993 4358 1208 4433 membrana
1221 4351 1556 4431 Iocularislirmior
1565 4346 1714 4425 laciniis
1728 4350 1895 4455 obliquis
1910 4375 1969 4423 ra·

213 4470 348 4547 diatim
367 4471 413 4546 ad
433 4471 617 4572 margines
629 4470 899 4571 epidermidem
912 4498 1040 4549 veram
1055 4475 1237 4561 decurrit,
1264 4469 1439 4545 emuntur
1451 4468 1575 4545 variae
1586 4467 1731 4551 Iorman
1743 4454 1969 4545 cellularum

215 4590 522 4678 asteroidearum,
557 4616 715 4693 quarum
735 4590 846 4693 plura
863 4591 1035 4693 exempla
1056 4606 1202 4694 spectes
1218 4590 1258 4665 in
1276 4588 1369 4663 Tab.
1383 4588 1489 4662 VIII.
1504 4592 1543 4663 2.
1558 4594 1594 4666 6.
1610 4597 1724 4668 8..11.
1762 4587 1863 4663 Alias
1877 4610 1968 4660 vero

217 4708 333 4785 fibrae
353 4710 522 4812 singulae
540 4710 578 4785 iu
598 4711 796 4787 asteriscos
810 4711 1079 4788 coordinantur
1098 4727 1137 4787 et
1150 4708 1375 4784 cellularum
1383 4705 1599 4803 membrana
1614 4707 1764 4819 pgnitus
1779 4707 1969 4807 disparere

221 4826 379 4907 ridetur.
435 4831 615 4935 Exempla
632 4830 788 4935 praebet
802 4829 893 4906 Tab.
908 4830 976 4908 lx.
996 4838 1031 4906 7.
1048 4839 1083 4909 9.
1100 4837 1137 4907 8.
1156 4838 1215 4967 lg.
1229 4843 1268 4903 et
1283 4826 1379 4995 Tatg
1391 4825 1476 4904 Xll.
1496 4836 1528 4904 1.
1545 4828 1580 4904 d.
1596 4833 1628 4901 7.
1646 4826 1681 4911 d.

1292 5138 1352 5325 i.
