4306 5520
518 1805 946 1935 llxapositio
1011 1806 1468 1933 Tabularum.

550 1940 636 2121 ς
691 2056 727 2097 ·.
851 1950 1162 2125 Praenotanda

257 2337 423 2439 Sequens
436 2333 634 2438 Expositio
645 2332 877 2439 conspectui
889 2336 1007 2439 Regni
1021 2334 1241 2439 vegetabilis
1257 2336 1548 2415 lleiclaeulsachii
1566 2336 1744 2439 (Lipsiae
1762 2345 1881 2427 1828)

128 2480 308 2557 congrua,
324 2455 440 2529 etiam
456 2456 698 2531 Familiarum
712 2455 981 2557 Generumque
994 2457 1030 2559 ej
1037 2454 1164 2533 uadem
1178 2454 1304 2559 operis
1319 2481 1493 2533 numeros
1501 2456 1628 2550 relert,
1643 2479 1718 2557 quo
1732 2455 1881 2533 facilior

127 2572 359 2675 comparatio
379 2573 565 2654 reddatur

255 2692 397 2769 Omnes
414 2692 495 2769 lere
512 2694 653 2794 figurae
674 2690 825 2795 ulsje'cta
843 2692 1008 2798 desuper
1027 2706 1192 2796 spectata
1215 2706 1472 2795 praesentant,
1506 2692 1632 2794 qualia
1645 2694 1714 2769 sub
1726 2694 1883 2772 micros·

125 2811 239 2915 cupio
260 2827 460 2913 appar-enm
500 2810 565 2885 ubi
582 2836 629 2886 ex
650 2813 1131 2919 ulsfiqumpraesentantur,
1155 2827 1222 2887 aut
1241 2835 1311 2887 suo
1324 2812 1411 2887 loco
1427 2812 1650 2902 indicatum,
1679 2826 1743 2889 aut
1757 2842 1828 2917 per
1842 2840 1880 2891 se

15 2944 20 2953 '
126 2932 270 3007 clarum
287 2944 357 3007 est.

248 3050 296 3127 ln
307 3048 411 3125 linea
424 3048 556 3127 dextra
569 3047 631 3125 rel
645 3047 793 3125 sinistra
808 3050 974 3130 tabulam
988 3048 1320 3128 circumscribente
1331 3050 1506 3153 aequales
1517 3048 1718 3129 dimutiae
1726 3050 1878 3129 lineolis
1993 3140 1997 3145 ,

124 3184 276 3249 notatae
295 3182 402 3257 sunt,
437 3192 537 3273 quae
555 3168 623 3245 uni
642 3171 901 3273 sexagesima·
912 3169 1013 3273 parti
1031 3171 1155 3247 lineae
1176 3168 1391 3272 parisiensis
1411 3170 1640 3272 respondent
1651 3170 1698 3246 sd
1710 3196 1878 3248 normam

123 3312 321 3369 nemum
342 3286 644 3365 inimometricaa
671 3312 745 3391 qua
764 3287 813 3371 i'n
840 3291 1013 3367 omuibus
1039 3288 1145 3365 laissa
1165 3287 1465 3391 indagationibus
1484 3287 1765 3392 micrmcupicis
1789 3316 1877 3366 usus

123 3436 218 3499 sum,
231 3404 423 3507 sexaginta
435 3405 592 3489 lineolis
602 3406 798 3510 parallelis
809 3424 1017 3500 remeante,
1030 3396 1441 3513 intraapttiumliueae
1453 3408 1879 3512 quadratsepariaieusis

123 3528 298 3605 lamellae
315 3524 459 3601 vitreae
476 3522 670 3603 adamante
689 3525 833 3603 incisis.

250 3644 449 3721 Dimensio
463 3642 748 3748 longitudinalis
764 3634 988 3723 cellularum
1001 3644 1082 3725 lare
1096 3636 1245 3749 semper
1257 3644 1470 3723 alternatim
1483 3646 1529 3720 ad
1543 3642 1708 3747 speciem
1721 3670 1879 3748 prusen-

121 3762 307 3867 c'hyrisstis
323 3760 454 3839 ¹Linlrii
472 3764 654 3868 perallele
676 3765 782 3868 juxta
797 3790 837 3841 se
850 3758 1068 3869 positarum,
1089 3766 1314 3869 plerumque
1327 3764 1373 3840 ad
1386 3762 1528 3864 rapher
1540 3761 1662 3839 loculi
1674 3768 1881 3877 perpendi-

124 3884 263 3961 cularis
283 3896 360 3971 est;
395 3906 675 3985 nonnumquam
695 3878 735 3959 id
749 3876 936 3987 lineolisl
955 3882 1180 3976 iiidicatnm,
1207 3884 1273 3961 ubi
1286 3881 1526 3984 tangentialis
1546 3878 1707 3984 rapher,
1722 3883 1878 3961 radialis

121 4000 347 4077 cellularum
372 4000 620 4079 directionem
639 4002 810 4094 deuotam
848 4004 940 4081 slia's
962 3984 1066 4079 linea
1081 4016 1228 4079 tautum
1249 4002 1411 4104 simplex
1431 4000 1576 4102 adjecta
1598 4016 1673 4092 cst,
1708 4029 1804 4105 quae
1820 4005 1879 4081 di·

119 4124 329 4199 rectionem
347 4122 571 4200 cellularum
591 4122 904 4224 longitudinalem
919 4122 965 4198 ad
976 4121 1120 4223 rapben
1132 4123 1353 4225 parallelum
1366 4121 1546 4223 designat.

248 4236 377 4337 Quum
398 4266 493 4347 opus
508 4259 607 4320 esset
618 4238 847 4345 singularum
863 4242 1085 4318 cellularum
1098 4242 1316 4345 superficies
1329 4240 1478 4345 penitus
1491 4238 1759 4331 determinare,
1784 4241 1873 4315 hinc

118 4358 292 4463 peginam
320 4360 530 4439 locularem
556 4386 652 4465 quae
674 4361 721 4436 ad
738 4359 926 4436 internum
947 4361 1029 4435 cavi
1050 4360 1227 4437 antherae
1245 4374 1408 4465 spectat,
1448 4358 1758 4461 epiderruidalenr
1776 4386 1875 4461 quae

119 4478 343 4580 spidermidi
356 4480 547 4583 apposita,
572 4480 771 4583 parietales
785 4478 949 4585 denique
960 4477 1105 4582 priores
1118 4476 1243 4555 sutas
1255 4480 1443 4580 parietum
1456 4476 1574 4554 instar
1586 4476 1871 4565 circumdantes,

118 4595 373 4674 distinximus.
859 4624 863 4629 ·

246 4714 321 4793 llbi
341 4733 565 4795 structuram
584 4719 811 4796 cellularum
824 4715 1078 4818 librarumque
1096 4712 1310 4791 endothecii
1329 4712 1480 4818 penitus
1494 4716 1691 4792 enucleare
1704 4715 1871 4788 nundum

118 4858 340 4913 contusum
358 4853 455 4927 erat,
489 4837 760 4943 descriptiones
782 4850 931 4913 nostrae
947 4848 1144 4913 externum
1161 4848 1310 4911 tantum
1329 4833 1565 4935 objectorum
1585 4832 1753 4909 lubitum
1773 4836 1875 4912 rele-
