4306 5520
818 410 1214 553 *rt-

164 663 403 769 grammatica
425 686 472 737 eo
492 659 681 763 adigebat,
718 675 760 736 nt
777 675 855 734 tarn
879 659 1086 738 numerosis
1107 658 1350 763 praedicatis,
1379 658 1593 775 subjectum
1616 683 1834 750 commune,
1860 682 1928 738 vo·

154 783 303 867 eubulo
328 797 418 885 apto
433 781 736 871 determinatum,
761 778 1072 856 substerneretur.

294 901 440 998 Quodsi
468 900 626 976 cellulas
654 898 891 975 antherarum
919 897 1134 977 endotbecii
1158 897 1400 998 microscopii
1429 896 1511 971 acie
1538 897 1835 999 investigaveris,
1870 895 1930 974 in·

165 1018 314 1110 venies,
358 1020 488 1122 paucis
509 1017 663 1095 familiis
689 1019 876 1121 exceptis,
916 1014 1082 1118 singulas
1100 1042 1228 1094 earum
1254 1015 1293 1091 in
1316 1014 1617 1116 phanerogamis‚
1659 1014 1763 1090 libris
1785 1016 1931 1093 tenuis·

160 1140 269 1217 simis
293 1120 356 1228 ct,¹
376 1153 419 1215 ut
440 1137 631 1226 videntur,
659 1136 836 1227 eleaticis,
849 1136 952 1215 vario
967 1130 1301 1211 modo-distinctas.
1357 1136 1531 1211 Cellulae
1549 1135 1621 1211 hae
1636 1149 1813 1211 contactu
1829 1134 1930 1212 inter
2052 1162 2057 1167 ·

166 1285 207 1336 se
226 1268 375 1346 mutuo,
402 1271 442 1333 et
460 1256 736 1331 dimensionum
758 1255 1140 1341 suarumvariutione
1160 1255 1299 1331 formas
1319 1253 1589 1332 diuersissimas
1609 1252 1787 1343 induunt,
1815 1269 1928 1358 atque

166 1378 280 1455 etiam
310 1403 436 1453 earum
465 1373 682 1477 magnitudo
709 1391 883 1451 constans
907 1398 989 1450 esse
1015 1376 1112 1450 solet
1134 1373 1174 1448 in
1194 1371 1391 1475 speciebus
1416 1373 1591 1475 singulis,
1641 1372 1733 1447 alias
1755 1397 1844 1450 vero
1864 1373 1929 1449 rix

166 1494 469 1598 distinguendae,
502 1508 569 1579 aut
586 1492 737 1607 penitus
763 1494 1008 1615 disparentep·
1060 1495 1188 1570 Altera
1210 1518 1295 1593 pars
1316 1491 1549 1568 constituens
1568 1492 1793 1569 cellularum
1810 1492 1929 1569 endo·

164 1614 283 1692 thecii
304 1615 421 1691 librae
443 1627 545 1701 suut,
574 1614 642 1687 ¹ant
664 1610 703 1685 in
729 1638 855 1688 earum
878 1610 1161 1705 cava-interno,
1189 1624 1254 1687 aut
1274 1611 1375 1686 inter
1388 1611 1613 1687 cellularum
1626 1609 1788 1711 parietes
1802 1609 1929 1689 diver·

99 1824 102 1833 Ι
166 1734 310 1813 simode
332 1733 512 1808 formatae
535 1756 578 1807 ac
600 1730 822 1832 dispositae3
861 1746 1035 1806 constant
1055 1746 1121 1808 aut
1141 1728 1349 1809 substantia
1369 1728 1488 1807 solida
1510 1729 1827 1833 pellucidissima,
1861 1747 1928 1808 aut

165 1852 281 1957 plane
308 1850 462 1927 tubulos
485 1851 671 1939 referunt,
701 1849 773 1927 nisi
793 1849 894 1923 oculi
916 1850 1119 1953 decipiant.
1175 1850 1311 1947 Quoad
1328 1850 1586 1925 evolutionem
1604 1847 1739 1925 harum
1761 1850 1929 1950 partium

164 1971 453 2050 elementarium
486 1986 552 2045 aut
579 1970 797 2072 praevalent
820 1968 1036 2046 endothecii
1063 1969 1249 2060 cellulae,
1299 1983 1341 2045 ut
1363 1966 1455 2043 adeo
1481 1968 1586 2043 libris
1613 1968 1705 2044 raris
1728 1968 1792 2046 vel
1810 1970 1928 2046 nullis

163 2091 365 2166 distinctae
390 2090 483 2177 sint,
524 2103 590 2163 aut
608 2087 785 2165 librarum
815 2086 992 2165 formatio
1017 2089 1071 2165 ita
1097 2090 1227 2165 locum
1246 2087 1411 2177 abtim,
1452 2100 1495 2165 ut
1517 2087 1742 2165 cellularum
1762 2089 1927 2192 parietes

101 2286 112 2295 ,,
163 2209 231 2287 aix
254 2224 320 2284 aut
341 2236 389 2285 ne
411 2206 475 2283 six
494 2207 648 2309 quidem
668 2204 961 2308 distinguantur.
1911 2276 1915 2281 .

0 2320 1 2323 '
295 2327 426 2403 Fibras
452 2351 632 2426 organun
656 2325 868 2427 principale
894 2326 1110 2404 endothecii
1139 2352 1221 2404 esse
1240 2326 1357 2415 duco,
1398 2324 1534 2429 quibus
1556 2324 1791 2404 functionem
1810 2355 1926 2421 suam,

166 2447 441 2552 dispersionem
460 2442 617 2547 pollinis
639 2442 820 2535 absolvit,
856 2446 1015 2522 cellulas
1036 2472 1126 2524 vcro
1144 2473 1273 2523 earum
1289 2444 1396 2548 quasi
1415 2446 1589 2521 matrices
1610 2445 1650 2520 in
1664 2472 1823 2547 quarum
1834 2472 1926 2528 cato

167 2593 216 2646 ex
239 2592 366 2645 aarum
388 2563 509 2640 succis
530 2562 693 2666 propriis
713 2563 981 2673 efformanturn
1023 2566 1107 2655 Vis,
1146 2590 1260 2668 qnae,
1292 2565 1385 2641 dum
1404 2564 1643 2642 antherarum
1666 2565 1927 2647 locuti-detis·

165 2702 276 2778 cent,
306 2687 417 2762 fibras
436 2681 646 2774 contrahit,
671 2682 822 2760 videtur
837 2686 922 2760 ‘'e'ase
938 2685 1150 2788 proprietas
1171 2682 1354 2788 quaedam
1365 2685 1575 2761 communis
1594 2684 1750 2788 physica
1765 2685 1844 2763 lors
1855 2686 1928 2790 by·

147 2804 403 2911 ssoscopica,
444 2798 756 2881 contractionem·
767 2829 858 2881 uero
876 2805 1137 2882 exmcoationis
1157 2804 1320 2907 quodam
1338 2827 1519 2905 pmcessu
1530 2804 1813 2907 atmospbaerae
1829 2808 1925 2884 atris

168 2922 369 3023 ambientis
393 2923 538 3000 influxu
558 2918 720 2998 suboriri
740 2924 980 3024 putaverim.-
1376 2906 1382 2913 ’

161 3094 171 3109 ·
198 3082 205 3095 ·
295 3044 433 3121 Fibrae
452 3040 493 3116 in
512 3037 752 3123 enthecarum
767 3043 935 3135 cellulis,
963 3044 1054 3139 dum
1070 3044 1142 3147 llos
1161 3043 1327 3119 nondum
1341 3054 1493 3144 apertus
1506 3055 1582 3131 est,
1607 3042 1799 3146 principio
1811 3044 1926 3146 plane

163 3188 246 3241 ason
262 3160 550 3262 distinguendae
566 3175 671 3249 sunt,
697 3162 868 3262 quamvis
880 3161 957 3264 jam
969 3161 1125 3239 anthera
1138 3162 1350 3265 majorlere
1366 3161 1537 3264 sitquam
1548 3161 1748 3264 posterius,
1775 3189 1818 3239 ac
1832 3177 1925 3239 tuns

165 3281 334 3361 cellulae
351 3279 542 3381 simplices
563 3290 711 3355 tantum
730 3295 922 3384 apparent.
974 3285 1068 3359 Fors
1090 3281 1206 3359 librae
1225 3281 1427 3357 tubulosae
1444 3279 1521 3383 jam
1539 3295 1631 3359 tunc
1653 3278 1925 3383 praeformatas

162 3401 349 3497 suffiunt,
384 3397 452 3475 sed
474 3418 588 3473 succo
608 3397 777 3500 repletae
796 3412 837 3477 et
857 3398 951 3477 adeo
972 3401 1252 3505 approximatae
1272 3416 1315 3477 ut
1332 3398 1767 3504 parenchyrnasolidum
1782 3399 1925 3476 consti·

163 3532 292 3608 suant,
328 3517 451 3601 doec
477 3538 607 3593 eorum
626 3540 719 3593 cavo
745 3517 999 3597 exsiccatione
1022 3528 1201 3598 evacuante
1220 3521 1485 3624 pelluciditate
1503 3516 1689 3620 parietum
1708 3533 1749 3594 et
1768 3519 1926 3625 superli-

165 3636 313 3715 cierism
332 3636 479 3723 diversa
500 3634 726 3713 refractione
746 3663 791 3711 ac
811 3638 1016 3715 reflexione
1033 3639 1112 3716 luci
1130 3639 1253 3741 major
1268 3639 1428 3716 effectus
1446 3651 1561 3738 atque
1581 3636 1695 3713 oculo
1710 3637 1833 3738 major
1843 3637 1924 3716 cel·

165 3756 333 3835 lularum
357 3780 402 3829 ac
424 3754 600 3831 fibrarum
628 3755 823 3835 distinctio
850 3757 1084 3859 praebeatur.
1125 3758 1211 3837 tut
1241 3758 1289 3834 de
1314 3752 1375 3832 bis
1394 3750 1650 3857 indagationes
1672 3758 1923 3835 accuratiores

150 3875 334 3979 mondum
354 3872 500 3949 institui
520 3886 586 3949 aut
605 3873 671 3950 alii
687 3875 851 3978 tempori
871 3878 1128 3967 reservandas,
1162 3891 1228 3953 aut
1246 3875 1331 3955 aliis
1353 3875 1394 3953 in
1415 3876 1655 3955 scientiarum
1670 3901 1802 3978 campo
1816 3876 1923 3952 labo·

166 3993 355 4072 tatoribus
366 3992 652 4097 'delinguendas
1296 4028 1301 4035 ·

730 4212 739 4225 a
870 4200 1226 4229 m

152 4358 201 4453 Q
291 4355 420 4450 Quum
442 4350 723 4431 observationes
741 4350 790 4430 de
808 4351 959 4430 cellulis
975 4353 1213 4433 antberarum
1232 4355 1484 4458 microseopio
1498 4351 1920 4432 tantummodosbsolvi

162 4472 329 4563 ualeam,
368 4488 514 4577 gratum
538 4472 812 4552 metretarum
836 4496 951 4574 spero
973 4489 1128 4550 naturae
1154 4475 1443 4571 scrutatoribus,
1482 4475 1512 4549 si
1540 4501 1604 4552 eos
1625 4474 1795 4579 practico
1813 4472 1919 4575 quasi

164 4594 277 4669 modo
306 4592 477 4695 inpares
500 4590 781 4693 disquisitiones
807 4591 1000 4684 inducam,
1037 4618 1236 4696 persuasus
1260 4593 1430 4684 aliunde,
1455 4593 1528 4671 boc
1553 4597 1594 4675 in
1609 4593 1783 4697 pluribus
1795 4618 1921 4667 rerum

164 4713 409 4800 naturalium,
431 4736 530 4812 quae
547 4709 793 4791 amusium
806 4724 924 4805 sunt,
935 4713 1257 4817 descriptionibus
1272 4739 1450 4819 magnum
1461 4741 1574 4820 saepe
1587 4715 1654 4793 sed
1669 4712 1921 4789 frustraneum

164 4855 250 4910 esse
265 4829 506 4911 desiderium.
518 4898 537 4935 .-

846 4962 877 5025 θ’
