4306 5520
879 460 1214 535 ...7-

288 658 516 739 Adducenda
535 661 651 739 etiam
663 672 753 737 sunt
766 659 938 762 exempla
953 658 1130 735 librarum
1145 657 1226 735 siue
1240 636 1403 749 cellulis,
1420 673 1459 735 et
1470 659 1695 745 cellularum
1712 661 1793 738 sine
1807 659 1927 753 fibris,
2004 756 2008 763 Ι

158 779 298 863 Fabrae
318 782 489 885 singulae
501 781 724 858 rectilineae
735 792 882 855 erectae
896 780 1021 855 solent
1031 806 1113 856 esse
1127 804 1255 854 sersus
1270 779 1456 855 internam
1470 780 1707 883 superficiem
1722 780 1928 883 epidermi·

159 901 230 992 dis,
256 900 320 977 cui
334 902 467 978 affixae
480 901 639 978 haerent
649 913 831 988 assutae,
847 899 888 974 in
900 914 1007 1000 parte
1020 923 1110 973 vero
1122 898 1281 975 loculari
1296 897 1574 1000 aliquantulum
1584 899 1802 977 dilatantur.
1831 902 1926 979 Sunt

158 1036 226 1096 aut
238 1020 445 1113 confertae,
472 1020 568 1097 utin
582 1019 715 1121 Pipere
730 1018 959 1120 emarginato
972 1019 1120 1092 Tauv.
1130 1026 1192 1096 22.
1208 1031 1273 1092 aut
1285 1016 1524 1095 distentiones
1540 1034 1582 1095 ut
1598 1019 1637 1096 in
1649 1019 1923 1124 Papilionaceis
1991 1118 1994 1125 ι

158 1136 254 1219 Tab.
267 1137 355 1219 XII.
372 1151 408 1221 3.
426 1144 464 1220 4.
515 1138 618 1216 Alias
642 1151 731 1213 aunt
751 1137 983 1215 curriliueae
1003 1151 1068 1212 aut
1086 1135 1300 1240 paullulum
1320 1135 1480 1213 inflexae
1503 1138 1595 1216 Tab.
1620 1141 1707 1216 XII.
1732 1150 1769 1220 9.
1787 1155 1851 1215 aut
1865 1164 1926 1216 ar·

157 1274 290 1337 cuatae
323 1259 386 1336 rel
417 1257 758 1337 retinaculilormes
789 1256 954 1334 seriatim
990 1256 1195 1359 dispositae
1224 1254 1317 1332 Tab.
1347 1254 1396 1332 X.
1429 1265 1488 1336 10.
1518 1266 1576 1336 11.
1608 1261 1785 1335 Incurvas
1814 1282 1925 1361 pros·

156 1392 272 1458 trans
292 1376 470 1478 disjectas
490 1376 660 1455 invenies
675 1375 981 1479 frequentissime
1000 1376 1046 1451 ad
1065 1376 1249 1479 margines
1267 1375 1513 1466 valvulamm,
1536 1375 1601 1453 ubi
1624 1377 1788 1455 cellulae
1808 1379 1847 1453 in
1863 1403 1926 1460 te·

154 1498 269 1603 giem
280 1497 402 1575 loculi
414 1495 637 1574 intermedia
650 1495 818 1598 integrae
830 1497 1018 1613 margines¹
1029 1519 1160 1573 versus
1174 1492 1373 1601 papllatim
1386 1494 1630 1572 dissoluntur.
1663 1497 1846 1597 Exempla
1855 1495 1923 1571 ba·

153 1620 222 1698 bes
243 1615 285 1693 iu
305 1615 400 1695 Tab.
420 1617 486 1691 VI.
507 1622 568 1697 10.
591 1616 676 1691 VII.
700 1613 1277 1695 7.1X.12.XV1·.15.Xv11.6.
1306 1613 1481 1690 Cellulae
1493 1614 1634 1716 absque
1647 1615 1750 1691 libris
1769 1615 1923 1692 cellulis

154 1732 489 1843 epidermidalibus
503 1735 683 1836 analogae
696 1748 903 1811 occurrunt
912 1733 953 1810 in
966 1733 1176 1838 sporangiis
1190 1732 1561 1835 Lycopodiacearum
1574 1732 1666 1810 Tab.
1682 1733 1823 1811 XVIII.
1835 1741 1871 1813 6.
1880 1742 1918 1813 7.

153 1854 198 1935 in
209 1852 431 1937 dinaudriis
446 1850 728 1959 Orchidearum
739 1852 834 1929 Tab.
848 1855 914 1929 IV.
930 1855 967 1933 5.
986 1853 1027 1930 in
1043 1852 1233 1931 Ericaceis
1247 1850 1342 1933 Tab.
1356 1850 1405 1927 X.
1423 1860 1484 1935 12.
1502 1861 1562 1933 15.
1581 1856 1641 1932 14.
1885 1872 1897 1899 ·'

279 2008 335 2085 lu·
345 2005 563 2085 Gramineis
583 2019 623 2083 et
643 2004 874 2108 Compositis
892 2006 1056 2084 cellulae
1067 2006 1149 2084 lere
1165 2006 1211 2082 ad
1225 2003 1457 2082 membranas
1469 2005 1646 2081 reductae
1673 2019 1777 2095 sunt,
1803 2004 1922 2086 fibrae

153 2150 247 2207 raro
264 2125 509 2205 brevissimae
523 2127 687 2230 desuper
707 2138 898 2229 spectatae
916 2125 998 2204 lere
1012 2126 1249 2229 porilormes.
1303 2124 1485 2227 Exempla
1506 2123 1697 2201 sistit‘l'ab.
1718 2127 1748 2202 I.
1768 2141 1808 2202 et
1824 2126 1892 2202 VI.

241 2270 247 2281 ’
272 2280 379 2369 ¹Sunt
403 2276 569 2383 denique
591 2276 754 2355 cellulae
778 2279 997 2357 vasculosae
1013 2293 1080 2353 aut
1100 2260 1412 2354 semivasculosae
1425 2275 1580 2353 tubulos
1599 2275 1829 2379 cylindricos
1851 2291 1919 2357 aut

146 2386 479 2503 ¹'semicplindricos
491 2397 694 2477 offerentes
709 2396 815 2473 fibris
828 2412 893 2475 aut
907 2396 1149 2475 annularibus
1163 2408 1229 2472 aut
1242 2394 1444 2498 spiralibus
1453 2395 1768 2499 quaemarimead
1776 2393 1917 2499 raphen

146 2516 392 2633 ¹ralrlularum
409 2514 538 2623 locum
553 2512 693 2595 habent
709 2513 830 2617 (rat.
847 2518 904 2595 11.
918 2520 954 2598 5.
969 2518 1031 2621 ft)
1046 2529 1112 2594 aut
1125 2513 1214 2592 hinc
1225 2514 1448 2619 parallelae,
1476 2528 1541 2594 aut
1551 2514 1919 2621 perpendiculariter

152 2634 198 2716 i'n
216 2662 301 2736 eam
321 2633 527 2743 dispositae
547 2632 672 2741 (rat.
694 2636 779 2717 ΙΙΙ.
796 2637 899 2738 ta).
