4306 5520
939 458 1272 531 ...30-

231 654 334 759 quod
351 655 570 759 praesertim
591 656 635 731 ia
656 652 876 756 pellucidis,
910 653 1116 756 sphaericis
1137 668 1177 732 et
1193 653 1366 755 oblongis
1388 652 1542 741 accidit,
1581 678 1699 757 aquae
1714 654 1983 731 communicari

231 774 396 863 uidetur3
423 774 462 851 in
475 774 669 851 Passillora
681 776 901 876 operculum
915 802 1030 851 unum
1043 791 1109 850 aut
1120 773 1282 851 alterum
1297 773 1468 849 valvulae
1482 774 1600 853 instar
1611 776 1760 875 patefit3
1790 774 1986 851 inMalve-

230 896 309 970 ceis
334 921 404 998 per
430 895 571 971 setulas
593 894 839 997 liliapadiatis
858 894 1068 971 substantia
1087 891 1274 971 {uviliaris
1295 892 1551 993 protenditur,
1591 894 1630 967 in
1657 894 1862 995 Onagrueis
1883 895 1984 969 telae

230 1013 348 1087 instar
367 1011 635 1090 subtilissimae
651 1040 722 1115 per
734 1012 812 1090 hila
827 1014 1020 1117 angustaris
1033 1014 1200 1101 exsudat.
1255 1013 1396 1088 Mirum
1410 1012 1592 1115 praebent
1604 1015 1861 1114 spectaculum
1873 1039 1985 1116 grana

231 1132 435 1233 polliceris
468 1131 764 1235 pellucidissima
796 1133 974 1236 Cupressi
1002 1134 1201 1223 australis,
1248 1132 1314 1207 ubi
1340 1130 1529 1209 vesiculae
1553 1148 1710 1234 repente
1739 1132 1985 1233 explodeutes

231 1276 389 1350 granum
405 1249 643 1355 sphaericum
662 1252 847 1329 diametro
865 1253 979 1355 louge
999 1254 1133 1355 majori
1155 1253 1404 1355 gelatinosum
1425 1252 1558 1339 edunt,
1590 1278 1677 1328 cum
1700 1252 1878 1327 nucleolo
1899 1277 1987 1327 cen-

233 1371 333 1449 trali.
383 1370 457 1448 Sed
475 1370 601 1445 omnia
621 1370 729 1460 haec,
766 1398 863 1474 quae
883 1372 1187 1475 micrographum
1209 1370 1319 1447 ualde
1337 1368 1502 1449 habilem
1523 1384 1750 1473 exposcunt,
1777 1371 1988 1471 indagatio-

231 1490 343 1567 nibus
366 1489 612 1567 ulterioribus
638 1491 863 1567 acutissimis
890 1492 1147 1593 aelingueuda.
1204 1489 1437 1567 monendum
1463 1490 1584 1566 adhuc
1613 1490 1753 1577 liabeo.
1793 1490 1840 1564 ad
1861 1489 1988 1591 iuqui-

230 1608 390 1685 sitiones
409 1608 457 1683 de
477 1624 583 1685 motu
604 1609 822 1687 elementari
842 1610 1115 1687 moleculorum
1132 1608 1366 1685 favillarium
1380 1624 1446 1687 aut
1458 1608 1636 1699 aliorum,
1665 1609 1814 1685 nonnisi
1827 1610 1986 1685 maxima

230 1740 469 1828 augmentes,
487 1754 585 1830 quae
603 1728 744 1811 centies
764 1745 803 1806 et
823 1729 938 1818 ultra,
976 1730 1200 1807 diametrum
1221 1728 1468 1830 amplificant,
1500 1726 1710 1805 adhibenda
1730 1753 1829 1817 csse,
1870 1756 1986 1829 quum

231 1860 357 1923 uictus
368 1872 501 1923 eorum
514 1836 745 1927 tardissimus
757 1850 824 1939 ait,
851 1848 918 1951 qui
932 1849 1000 1925 tali
1014 1864 1160 1927 tantum
1173 1848 1397 1926 adauctionc
1411 1849 1455 1925 lit
1467 1850 1707 1950 conspicuus.
1755 1848 1985 1943 Quumalias

232 1979 374 2053 motus,
401 1968 533 2069 quales
545 1967 813 2045 inlusoriorum
826 1983 932 2057 sunt,
952 1968 1175 2073 rapidiores,
1198 1984 1490 2070 exspectassem,
1506 1966 1596 2043 hinc
1611 1967 1677 2043 diu
1691 1965 1806 2043 hosce
1820 1968 1987 2045 elemen-

230 2099 331 2181 tares
347 2084 547 2165 observare
566 2088 853 2176 consumentu,
881 2089 1001 2165 donec
1014 2089 1059 2164 ad
1075 2088 1387 2192 amplificationes
1402 2113 1562 2163 summas
1577 2087 1829 2165 recurrissem.
1872 2088 1986 2183 Quod

220 2202 387 2295 ,omuino
413 2207 724 2308 praecavendum,
765 2232 812 2283 ne
832 2209 915 2310 quis
934 2210 1098 2285 animum
1120 2207 1352 2311 despondeat
1374 2208 1592 2310 priusquam
1614 2207 1659 2282 ad
1681 2208 1794 2283 finem
1814 2222 1985 2309 optatum

233 2324 459 2423 pervenerit.
