4306 5520
905 440 1270 537 '.-.-4-

230 660 399 741 ieliciter
416 659 603 747 succedit,
637 657 807 761 quamvis
825 684 901 735 aon
920 659 1148 761 negandum,
1175 658 1306 735 multis
1319 660 1359 735 in
1371 659 1520 735 casibus
1535 660 1807 762 spectatissima
1820 660 1990 762 plerum·

198 838 206 861 .
231 808 307 885 que
324 782 428 883 prius
446 780 488 855 in
506 779 640 854 oculos
655 778 833 867 incidere.
889 781 1007 881 Saepe
1030 795 1154 855 tamen
1169 795 1299 856 natura
1318 796 1544 856 scrutatores
1566 795 1632 854 aut
1644 781 1793 870 ludere,
1821 796 1887 856 aut
1902 781 1993 857 sub·

230 900 427 979 difficilem
440 924 480 975 se
493 898 673 1001 praebere
688 898 916 999 praediligit.
951 899 1061 977 ltuin
1074 898 1211 974 nostris
1225 898 1535 999 inquisitionibus
1548 898 1588 973 in
1602 899 1708 974 Cslla
1721 898 1935 1001 aethiopica
1950 915 1992 977 et

232 1034 273 1099 et
292 1018 517 1103 inminuta
535 1018 674 1095 sinensi
696 1019 817 1119 prims
840 1016 997 1117 vestigia
1016 1016 1192 1094 librarum
1214 1016 1430 1093 endotbecii
1450 1019 1669 1094 observasse
1689 1019 1868 1119 contigit,
1894 1046 1991 1122 quas

229 1152 359 1217 tamen
376 1165 446 1241 per
461 1137 591 1238 plures
604 1138 701 1229 dics,
728 1151 867 1213 conatu
882 1137 1034 1215 assiduo
1048 1136 1198 1211 obtutui
1212 1135 1364 1237 penitus
1380 1138 1573 1239 explicare
1584 1135 1648 1213 vix
1664 1138 1858 1223 successit,
1868 1138 1992 1215 donec

231 1259 279 1337 ad
297 1258 480 1334 Liliaceas
503 1285 563 1333 me
582 1271 858 1344 converterem,
897 1254 962 1333 ubi
985 1255 1148 1333 cellulae
1160 1255 1320 1330 fibrosac
1334 1255 1591 1347 antbersrum,
1612 1271 1850 1361 comparatae
1871 1258 1918 1332 ad
1930 1284 1993 1335 re-
2056 1267 2060 1275 '

230 1379 371 1481 liques,
397 1376 723 1481 giganteae-quasi
740 1375 992 1475 reperiuntur.
1045 1374 1244 1450 Monemus
1264 1374 1409 1476 itaque,
1444 1376 1572 1477 utqui
1593 1376 1754 1452 eundem
1777 1403 1863 1451 cum
1881 1376 1992 1454 nobis

231 1495 505 1577 obaemctonia
521 1494 715 1573 tramitem
738 1495 835 1570 inire
853 1493 1098 1582 tentaverint,
1122 1492 1304 1569 antheras
1327 1495 1568 1598 Tuliparum‚
1596 1495 1801 1587 Liliorum,
1828 1512 1895 1573 aut
1909 1497 1994 1573 Fri·

229 1614 395 1691 tillariae
415 1615 622 1717 imperialis
643 1612 871 1711 indagationi
898 1610 1113 1713 subjiciant.
1168 1614 1376 1689 Exercetur
1394 1614 1627 1717 pedetentim
1648 1616 1782 1691 oculus
1801 1631 1841 1692 et
1854 1617 1993 1693 mentis

175 1814 184 1839 ·.-
229 1733 391 1815 attentio
410 1736 503 1811 adeo
522 1733 736 1821 invalescit,
766 1749 828 1822 ut,
854 1758 950 1834 quae
964 1733 1192 1808 abditissima
1207 1732 1314 1809 erant
1328 1734 1665 1837 principio-serias
1679 1760 1793 1836 opem
1808 1734 1993 1812 facillima

183 1828 189 1851 ¹
229 1854 439 1931 clarissime
465 1854 573 1930 nobis
600 1854 856 1931 obversentur.
909 1852 1005 1927 Nam
1029 1878 1106 1927 non
1126 1853 1228 1928 solus
1250 1854 1383 1929 oculus
1404 1854 1547 1956 estqui
1568 1854 1690 1943 videt,
1730 1881 1842 1956 quam
1862 1857 1992 1958 potius

229 1971 449 2075 'magiuatio
469 1988 509 2050 et
527 1973 764 2064 intellectus,
799 1973 865 2076 qui
886 1972 963 2047 visa
984 1998 1085 2047 nunc
1099 1969 1189 2049 visis
1206 1988 1314 2047 antea
1335 1973 1542 2064 adordinat,
1565 1990 1605 2051 et
1620 2000 1667 2051 ex
1680 1974 1785 2077 prius
1800 1975 1900 2052 notis
1914 1975 1992 2051 lon-

228 2118 308 2169 mas
327 2092 475 2193 ignotas
493 2108 535 2169 et
552 2093 729 2169 obscuras
746 2093 937 2169 enucleat.¹

926 2250 1288 2279 ..ι-ῃ..-

356 2331 487 2407 Liceat
507 2331 633 2434 itaque
652 2331 798 2433 aliquot
820 2332 1004 2433 exemplis
1023 2331 1294 2432 phytotomicis
1316 2360 1402 2409 cum
1423 2331 1630 2409 lectoribus
1654 2355 1808 2433 operam
1823 2349 1993 2409 nostram

195 2506 201 2517 ·
229 2450 519 2527 communicare.
553 2452 704 2527 .=Sumas
728 2450 921 2527 antherum
947 2452 1109 2552 Tulipae
1135 2454 1392 2555 gesnerianae,
1426 2466 1491 2525 aut
1515 2452 1748 2528 Fritillsriac
1768 2452 1990 2554 imperialis.

230 2570 486 2669 (Commendo
511 2571 551 2644 in
571 2570 723 2672 Tulipis
740 2568 931 2660 antheras,
953 2587 1051 2673 'quae
1067 2571 1143 2647 sint
1166 2572 1306 2649 coloris
1327 2573 1443 2661 lutei,
1468 2598 1584 2677 quum
1605 2598 1734 2647 earum
1753 2572 1991 2650 membranae

229 2687 347 2789 magis
369 2688 444 2764 sint
464 2689 696 2791 pellucidam
731 2689 865 2792 quodsi
887 2690 1095 2766 exsiccatae
1113 2690 1272 2781 luerint,
1305 2718 1340 2769 v.
1361 2691 1590 2794 gherhano
1613 2692 1828 2793 decerptae,
1855 2692 1992 2793 irriges

225 2832 325 2910 aqua
340 2808 484 2911 tepida,
516 2810 637 2885 donec
652 2808 945 2886 intumescentes
957 2824 997 2885 et
1009 2811 1204 2886 emollitae
1216 2811 1414 2914 pristinam
1427 2810 1724 2912 magnitudinem
1736 2809 1990 2900 obtinuerint;

228 2928 295 3005 sed
319 2930 587 3032 praelerendae
613 2929 768 3005 omuino
795 2929 1012 3028 recentes).
1066 2929 1269 3007 Antheram
1289 2957 1310 3004 a
1333 2931 1480 3032 polline
1506 2931 1658 3032 penitus
1682 2928 1910 3018 mundatam,
1931 2925 1991 3003 in·

228 3048 373 3127 cisione
394 3049 472 3125 levi
493 3049 650 3151 obliqua
673 3049 714 3124 in
734 3048 967 3150 epidcrmidc
988 3048 1177 3125 exothecii
1195 3048 1355 3138 allicias,
1378 3065 1416 3125 et
1435 3049 1660 3151 particulam
1674 3047 1993 3151 hujusforcipula

229 3167 441 3257 subtrahas,
473 3168 562 3245 dein
580 3167 752 3267 guttulae
774 3193 892 3269 aquae
913 3167 954 3241 in
969 3168 1211 3245 micrcmetro
1225 3169 1437 3270 submergas
1451 3169 1521 3259 ita,
1549 3185 1593 3245 ut
1606 3168 1721 3243 facies
1734 3167 1895 3244 interior
1909 3192 1992 3243 sur·

227 3312 311 3367 sum
333 3302 490 3391 spectet.
544 3288 770 3387 Plerumque
791 3302 882 3362 tunc
897 3286 1046 3376 accidit,
1067 3301 1109 3360 ut
1122 3286 1268 3390 aliquot
1282 3288 1445 3365 cellulae
1460 3289 1636 3378 fibrosae,
1665 3287 1908 3389 epidcrmidis
1923 3313 1991 3388 pa·

226 3409 337 3510 gislae
350 3409 521 3484 internae
535 3405 778 3483 adhaerentes
790 3421 1022 3496 remaneant,
1049 3420 1088 3481 et
1101 3409 1400 3508 praesentabitur
1413 3408 1483 3485 sub
1497 3409 1601 3484 lente
1616 3408 1739 3506 imago
1756 3405 1835 3481 lere
1852 3405 1990 3481 similis

226 3526 323 3628 ejus,
343 3554 456 3629 quam
474 3527 515 3605 in
528 3526 621 3601 Tab.
641 3527 709 3600 111.
727 3524 1012 3605 mattheh.
1030 3541 1094 3600 aut
1107 3527 1141 3603 d.
1157 3527 1440 3605 delineavimus.
1470 3527 1668 3629 Contingit
1683 3525 1795 3600 etiam
1811 3522 1992 3603 abradere
2057 3522 2062 3531 “

226 3645 385 3723 aciculis
398 3645 558 3729 cellulas
574 3645 739 3746 singulas
752 3645 883 3745 quales
896 3646 967 3721 sub
980 3643 1055 3722 litt.
1073 3672 1105 3722 c.
1124 3646 1160 3722 d.
1178 3662 1218 3723 et
1231 3673 1264 3723 e.
1282 3657 1341 3725 13.
1358 3664 1424 3722 aut
1437 3673 1471 3723 c.
1487 3670 1521 3723 s.
1540 3652 1872 3747 14.praeseutatae
1885 3658 1990 3732 scats

226 3778 293 3843 aut
310 3762 409 3840 tone
429 3764 599 3841 succedit
618 3765 789 3841 forticula
808 3764 1027 3843 abscindere
1043 3765 1261 3843 laciniolam
1280 3765 1518 3841 membranae
1528 3764 1706 3842 antherae
1720 3791 1815 3867 quae
1827 3766 1991 3868 perpen-

221 3882 434 3963 dicularem
460 3883 684 3959 cellularum
712 3884 811 3961 inter
837 3910 877 3960 se
896 3883 1026 3974 situm,
1066 3887 1196 3987 quales
1219 3886 1265 3961 ab
1287 3885 1425 3963 exteris
1444 3883 1491 3957 ad
1512 3883 1658 3960 iuterna
1678 3885 1749 3960 sibi
1770 3885 1988 3975 succedunt,

226 4016 457 4108 praesentet,
471 4002 601 4079 utilit.
618 4028 650 4077 e.
666 4010 726 4081 1s.
744 4018 784 4078 et
796 4003 899 4080 litd.
913 4009 971 4083 14.
985 4031 1032 4080 ex
1045 4006 1170 4081 medio
1183 4021 1225 4081 et
1237 4032 1258 4079 e
1272 4005 1436 4104 margine
1449 4004 1568 4079 loculi
1584 4004 1747 4080 effictam
1762 4000 1985 4102 conspicies.

225 4124 307 4202 Jam
322 4122 353 4199 si
368 4121 527 4198 ulterius
541 4122 700 4197 cellulas
714 4122 879 4223 singulas
893 4123 939 4197 ab
952 4122 1054 4199 omni
1068 4141 1177 4227 parte
1190 4123 1360 4226 inquiris,
1388 4124 1559 4202 invenies
1571 4121 1758 4222 inTulipa
1771 4118 1989 4221 gesneriana

181 4252 207 4301 Ρ
224 4242 409 4343 oblongas
427 4242 654 4319 lateribus÷a
668 4241 947 4343 compressione
965 4259 1095 4320 mutua
1121 4242 1416 4346 subhexagcnas‚
1452 4245 1635 4319 diametro
1656 4239 1820 4340 longiori
1843 4238 1910 4342 qui
1932 4240 1978 4333 Ἀ

223 4359 348 4438 lheae
374 4361 649 4463 aliquantulum
668 4358 833 4434 excurrit
858 4361 1068 4441 directione
1094 4365 1141 4439 ad
1161 4362 1306 4468 mphan
1327 4379 1393 4441 sut
1414 4363 1620 4462 marginem
1639 4358 1761 4435 loculi
1783 4357 1987 4464 perpendi·

224 4482 345 4558 calari
359 4481 612 4558 decurrentes.
665 4478 863 4558 Diameter
874 4480 1027 4563 brevior
1042 4485 1088 4579 7„
1103 4484 1228 4560 lineae
1243 4507 1321 4558 non
1333 4480 1502 4581 attingit,
1530 4505 1654 4581 neque
1668 4479 1820 4579 attingit
1833 4475 1986 4577 penitus

223 4598 388 4676 altitudo
402 4598 579 4677 lateralis.
633 4597 804 4675 Cellulas
818 4600 982 4703 singulas
998 4602 1279 4704 amplectuntur
1288 4602 1405 4678 fibrae
1420 4623 1577 4674 numem
1591 4598 1671 4675 lere
1686 4624 1752 4674 sex
1765 4597 1813 4670 sd
1820 4596 1986 4697 parietes

223 4716 474 4795 diversimode
500 4734 698 4808 connatae,
737 4717 780 4793 in
796 4720 929 4821 pagina
950 4718 1113 4796 loculari
1133 4722 1360 4823 plerumque
1379 4720 1585 4824 parallelae
1606 4733 1855 4803 transversae,
1892 4713 1985 4787 alias

223 4861 315 4915 vem
341 4838 580 4927 reticulatam
613 4837 733 4916 latere
758 4836 982 4943 epidcrmidi
1000 4840 1161 4919 obverso
1178 4840 1356 4918 fibrarum
1374 4853 1522 4918 tantum
1543 4834 1798 4918 extremitates
1820 4834 1867 4910 ad
1887 4857 1987 4909 mar·
