<?xml version="1.0" encoding="UTF-8"?>
<!DOCTYPE html PUBLIC "-//W3C//DTD XHTML 1.0 Transitional//EN"
    "http://www.w3.org/TR/xhtml1/DTD/xhtml1-transitional.dtd">
<html xmlns="http://www.w3.org/1999/xhtml" xml:lang="en" lang="en">
 <head>
  <title>
</title>
<meta http-equiv="Content-Type" content="text/html;charset=utf-8" />
  <meta name='ocr-system' content='tesseract 3.04.00' />
  <meta name='ocr-capabilities' content='ocr_page ocr_carea ocr_par ocr_line ocrx_word'/>
</head>
<body>
  <div class='ocr_page' id='page_1' title='image "./decellulisanthe00purkgoog_0037.png"; bbox 0 0 4306 5520; ppageno 0'>
   <div class='ocr_carea' id='block_1_1' title="bbox 768 1542 1271 1655">
    <p class='ocr_par' dir='ltr' id='par_1_1' title="bbox 768 1542 1271 1655">
     <span class='ocr_line' id='line_1_1' title="bbox 768 1542 1271 1655; baseline -0.008 0"><span class='ocrx_word' id='word_1_1' title='bbox 768 1542 1106 1655; x_wconf 87' lang='lat' dir='ltr'><strong>CAPUT</strong></span> <span class='ocrx_word' id='word_1_2' title='bbox 1170 1544 1271 1655; x_wconf 87' lang='lat' dir='ltr'><strong>IV.</strong></span> 
     </span>
    </p>
   </div>
   <div class='ocr_carea' id='block_1_2' title="bbox 197 1753 1837 2053">
    <p class='ocr_par' dir='ltr' id='par_1_2' title="bbox 197 1753 1837 2053">
     <span class='ocr_line' id='line_1_2' title="bbox 197 1753 1837 1933; baseline 0.002 -32"><span class='ocrx_word' id='word_1_3' title='bbox 197 1812 263 1902; x_wconf 85' lang='lat' dir='ltr'><strong>Do</strong></span> <span class='ocrx_word' id='word_1_4' title='bbox 292 1753 446 1905; x_wconf 78' lang='lat' dir='ltr'><strong>formio</strong></span> <span class='ocrx_word' id='word_1_5' title='bbox 474 1842 713 1933; x_wconf 84' lang='lat' dir='ltr'><strong>granorum</strong></span> <span class='ocrx_word' id='word_1_6' title='bbox 741 1816 918 1931; x_wconf 79' lang='lat' dir='ltr'><strong>pollinis</strong></span> <span class='ocrx_word' id='word_1_7' title='bbox 946 1819 1079 1903; x_wconf 87' lang='lat' dir='ltr'><strong>relate</strong></span> <span class='ocrx_word' id='word_1_8' title='bbox 1108 1818 1164 1905; x_wconf 85' lang='lat' dir='ltr'><strong>ad</strong></span> <span class='ocrx_word' id='word_1_9' title='bbox 1186 1816 1373 1907; x_wconf 78' lang='lat' dir='ltr'>familias</span> <span class='ocrx_word' id='word_1_10' title='bbox 1395 1814 1610 1905; x_wconf 75' lang='lat' dir='ltr'><strong>naturales</strong></span> <span class='ocrx_word' id='word_1_11' title='bbox 1636 1814 1837 1905; x_wconf 85' lang='lat' dir='ltr'><strong>adnotata</strong></span> 
     </span>
     <span class='ocr_line' id='line_1_3' title="bbox 905 1964 1132 2053; baseline 0.004 -1"><span class='ocrx_word' id='word_1_12' title='bbox 905 1964 1132 2053; x_wconf 79' lang='lat' dir='ltr'><strong>nonnulla.</strong></span> 
     </span>
    </p>
   </div>
   <div class='ocr_carea' id='block_1_3' title="bbox 139 2324 1894 2906">
    <p class='ocr_par' dir='ltr' id='par_1_3' title="bbox 139 2324 1894 2906">
     <span class='ocr_line' id='line_1_4' title="bbox 273 2324 1894 2430; baseline -0.001 -27"><span class='ocrx_word' id='word_1_13' title='bbox 273 2333 305 2403; x_wconf 89' lang='lat'><strong>1.</strong></span> <span class='ocrx_word' id='word_1_14' title='bbox 360 2324 519 2401; x_wconf 79' lang='lat' dir='ltr'><strong>Formae</strong></span> <span class='ocrx_word' id='word_1_15' title='bbox 545 2350 744 2427; x_wconf 83' lang='lat' dir='ltr'><strong>granorum</strong></span> <span class='ocrx_word' id='word_1_16' title='bbox 771 2326 929 2429; x_wconf 76' lang='lat' dir='ltr'><strong>pollinis</strong></span> <span class='ocrx_word' id='word_1_17' title='bbox 952 2325 1148 2430; x_wconf 77' lang='lat' dir='ltr'><strong>sphaerica</strong></span> <span class='ocrx_word' id='word_1_18' title='bbox 1170 2341 1211 2403; x_wconf 88' lang='lat' dir='ltr'><strong>et</strong></span> <span class='ocrx_word' id='word_1_19' title='bbox 1235 2325 1477 2429; x_wconf 84' lang='lat' dir='ltr'><strong>triangulata,</strong></span> <span class='ocrx_word' id='word_1_20' title='bbox 1515 2325 1616 2403; x_wconf 84' lang='lat' dir='ltr'><strong>inter</strong></span> <span class='ocrx_word' id='word_1_21' title='bbox 1638 2349 1768 2401; x_wconf 76' lang='lat' dir='ltr'><strong>omnes</strong></span> <span class='ocrx_word' id='word_1_22' title='bbox 1789 2346 1894 2401; x_wconf 82' lang='lat' dir='ltr'><strong>eorn-</strong></span> 
     </span>
     <span class='ocr_line' id='line_1_5' title="bbox 140 2440 1893 2548; baseline 0 -31"><span class='ocrx_word' id='word_1_23' title='bbox 140 2444 383 2521; x_wconf 80' lang='lat' dir='ltr'><strong>munirrimae</strong></span> <span class='ocrx_word' id='word_1_24' title='bbox 402 2460 506 2534; x_wconf 82' lang='lat' dir='ltr'><strong>aunt,</strong></span> <span class='ocrx_word' id='word_1_25' title='bbox 547 2459 587 2521; x_wconf 87' lang='lat' dir='ltr'><strong>et</strong></span> <span class='ocrx_word' id='word_1_26' title='bbox 605 2471 675 2548; x_wconf 85' lang='lat' dir='ltr'><strong>per</strong></span> <span class='ocrx_word' id='word_1_27' title='bbox 692 2444 963 2522; x_wconf 73' lang='lat' dir='ltr'><strong>diversissimas</strong></span> <span class='ocrx_word' id='word_1_28' title='bbox 984 2446 1146 2522; x_wconf 73' lang='lat' dir='ltr'><strong>familias</strong></span> <span class='ocrx_word' id='word_1_29' title='bbox 1168 2445 1439 2546; x_wconf 82' lang='lat' dir='ltr'><strong>digrediuntur.</strong></span> <span class='ocrx_word' id='word_1_30' title='bbox 1492 2446 1588 2521; x_wconf 86' lang='lat' dir='ltr'><strong>Sunt</strong></span> <span class='ocrx_word' id='word_1_31' title='bbox 1608 2444 1792 2533; x_wconf 81' lang='lat' dir='ltr'><strong>familiae,</strong></span> <span class='ocrx_word' id='word_1_32' title='bbox 1826 2440 1893 2518; x_wconf 87' lang='lat' dir='ltr'><strong>ubi</strong></span> 
     </span>
     <span class='ocr_line' id='line_1_6' title="bbox 140 2562 1894 2668; baseline 0.001 -31"><span class='ocrx_word' id='word_1_33' title='bbox 140 2563 220 2637; x_wconf 79' lang='lat' dir='ltr'><strong>rola</strong></span> <span class='ocrx_word' id='word_1_34' title='bbox 242 2587 353 2664; x_wconf 77' lang='lat' dir='ltr'><strong>grana</strong></span> <span class='ocrx_word' id='word_1_35' title='bbox 373 2562 568 2666; x_wconf 76' lang='lat' dir='ltr'><strong>sphaerica</strong></span> <span class='ocrx_word' id='word_1_36' title='bbox 588 2581 653 2640; x_wconf 89' lang='lat' dir='ltr'><strong>aut</strong></span> <span class='ocrx_word' id='word_1_37' title='bbox 668 2563 1039 2668; x_wconf 80' lang='lat' dir='ltr'><strong>oblongorphaerica,</strong></span> <span class='ocrx_word' id='word_1_38' title='bbox 1064 2564 1159 2640; x_wconf 88' lang='lat' dir='ltr'><strong>aliae</strong></span> <span class='ocrx_word' id='word_1_39' title='bbox 1180 2565 1245 2641; x_wconf 89' lang='lat' dir='ltr'><strong>ubi</strong></span> <span class='ocrx_word' id='word_1_40' title='bbox 1265 2566 1344 2640; x_wconf 85' lang='lat' dir='ltr'><strong>sola</strong></span> <span class='ocrx_word' id='word_1_41' title='bbox 1364 2564 1590 2665; x_wconf 78' lang='lat' dir='ltr'><strong>triangulata</strong></span> <span class='ocrx_word' id='word_1_42' title='bbox 1608 2565 1671 2639; x_wconf 83' lang='lat' dir='ltr'><strong>vel</strong></span> <span class='ocrx_word' id='word_1_43' title='bbox 1689 2562 1819 2639; x_wconf 88' lang='lat' dir='ltr'><strong>trihila</strong></span> <span class='ocrx_word' id='word_1_44' title='bbox 1833 2562 1894 2638; x_wconf 90' lang='lat' dir='ltr'><strong>in·</strong></span> 
     </span>
     <span class='ocr_line' id='line_1_7' title="bbox 141 2679 1892 2786; baseline 0.002 -31"><span class='ocrx_word' id='word_1_45' title='bbox 141 2681 358 2769; x_wconf 83' lang='lat' dir='ltr'><strong>veniuntur,</strong></span> <span class='ocrx_word' id='word_1_46' title='bbox 392 2679 490 2758; x_wconf 84' lang='lat' dir='ltr'><strong>aliae</strong></span> <span class='ocrx_word' id='word_1_47' title='bbox 506 2682 673 2785; x_wconf 80' lang='lat' dir='ltr'><strong>denique</strong></span> <span class='ocrx_word' id='word_1_48' title='bbox 689 2682 755 2758; x_wconf 89' lang='lat' dir='ltr'><strong>ubi</strong></span> <span class='ocrx_word' id='word_1_49' title='bbox 774 2684 892 2760; x_wconf 87' lang='lat' dir='ltr'><strong>mixta</strong></span> <span class='ocrx_word' id='word_1_50' title='bbox 912 2699 1012 2761; x_wconf 81' lang='lat' dir='ltr'><strong>aunt.</strong></span> <span class='ocrx_word' id='word_1_51' title='bbox 1065 2685 1228 2761; x_wconf 83' lang='lat' dir='ltr'><strong>Videtur</strong></span> <span class='ocrx_word' id='word_1_52' title='bbox 1246 2686 1288 2763; x_wconf 90' lang='lat' dir='ltr'><strong>in</strong></span> <span class='ocrx_word' id='word_1_53' title='bbox 1307 2682 1366 2759; x_wconf 83' lang='lat' dir='ltr'><strong>hia</strong></span> <span class='ocrx_word' id='word_1_54' title='bbox 1386 2681 1561 2786; x_wconf 77' lang='lat' dir='ltr'><strong>organica</strong></span> <span class='ocrx_word' id='word_1_55' title='bbox 1575 2682 1757 2786; x_wconf 81' lang='lat' dir='ltr'><strong>quaedam</strong></span> <span class='ocrx_word' id='word_1_56' title='bbox 1769 2702 1892 2785; x_wconf 82' lang='lat' dir='ltr'><strong>oppo-</strong></span> 
     </span>
     <span class='ocr_line' id='line_1_8' title="bbox 139 2796 1252 2906; baseline 0.005 -33"><span class='ocrx_word' id='word_1_57' title='bbox 139 2796 230 2877; x_wconf 70' lang='lat' dir='ltr'><strong>sitio</strong></span> <span class='ocrx_word' id='word_1_58' title='bbox 248 2798 457 2890; x_wconf 75' lang='lat' dir='ltr'><strong>obversari,</strong></span> <span class='ocrx_word' id='word_1_59' title='bbox 484 2825 581 2903; x_wconf 82' lang='lat' dir='ltr'><strong>quae</strong></span> <span class='ocrx_word' id='word_1_60' title='bbox 599 2799 642 2877; x_wconf 91' lang='lat' dir='ltr'><strong>in</strong></span> <span class='ocrx_word' id='word_1_61' title='bbox 655 2799 781 2879; x_wconf 86' lang='lat' dir='ltr'><strong>medio</strong></span> <span class='ocrx_word' id='word_1_62' title='bbox 796 2802 984 2906; x_wconf 85' lang='lat' dir='ltr'><strong>aequabili</strong></span> <span class='ocrx_word' id='word_1_63' title='bbox 999 2803 1252 2906; x_wconf 79' lang='lat' dir='ltr'><strong>componitur.</strong></span> 
     </span>
    </p>
   </div>
   <div class='ocr_carea' id='block_1_4' title="bbox 71 2960 1896 4503">
    <p class='ocr_par' dir='ltr' id='par_1_4' title="bbox 71 2960 1896 4503">
     <span class='ocr_line' id='line_1_9' title="bbox 267 2960 1893 3079; baseline -0.001 -30"><span class='ocrx_word' id='word_1_64' title='bbox 267 2976 306 3049; x_wconf 80' lang='lat'><strong>2.</strong></span> <span class='ocrx_word' id='word_1_65' title='bbox 361 2967 951 3079; x_wconf 32' lang='lat' dir='ltr'><strong>Granamerebsphaerieaglabra</strong></span> <span class='ocrx_word' id='word_1_66' title='bbox 966 2960 1239 3065; x_wconf 75' lang='lat' dir='ltr'><strong>inAlirmaoeir,</strong></span> <span class='ocrx_word' id='word_1_67' title='bbox 1267 2970 1893 3078; x_wconf 81' lang='lat' dir='ltr'><strong>praeeipueiuGramineiainJun-</strong></span> 
     </span>
     <span class='ocr_line' id='line_1_10' title="bbox 138 3086 1893 3197; baseline 0.001 -32"><span class='ocrx_word' id='word_1_68' title='bbox 138 3086 235 3180; x_wconf 81' lang='lat' dir='ltr'><strong>caia,</strong></span> <span class='ocrx_word' id='word_1_69' title='bbox 263 3088 516 3180; x_wconf 82' lang='lat' dir='ltr'><strong>Scitamineis,</strong></span> <span class='ocrx_word' id='word_1_70' title='bbox 542 3090 696 3183; x_wconf 85' lang='lat' dir='ltr'><strong>Palmis,</strong></span> <span class='ocrx_word' id='word_1_71' title='bbox 723 3092 764 3168; x_wconf 90' lang='lat' dir='ltr'><strong>in</strong></span> <span class='ocrx_word' id='word_1_72' title='bbox 778 3090 1034 3181; x_wconf 85' lang='lat' dir='ltr'><strong>Strobilaceis,</strong></span> <span class='ocrx_word' id='word_1_73' title='bbox 1061 3090 1297 3197; x_wconf 62' lang='lat' dir='ltr'><strong>Thymelen,</strong></span> <span class='ocrx_word' id='word_1_74' title='bbox 1322 3090 1568 3182; x_wconf 81' lang='lat' dir='ltr'><strong>Amentaeais,</strong></span> <span class='ocrx_word' id='word_1_75' title='bbox 1597 3090 1736 3183; x_wconf 72' lang='lat' dir='ltr'><strong>Unica,</strong></span> <span class='ocrx_word' id='word_1_76' title='bbox 1758 3091 1893 3180; x_wconf 84' lang='lat' dir='ltr'><strong>Lauro,</strong></span> 
     </span>
     <span class='ocr_line' id='line_1_11' title="bbox 139 3205 1896 3315; baseline 0.002 -32"><span class='ocrx_word' id='word_1_77' title='bbox 139 3205 465 3301; x_wconf 82' lang='lat' dir='ltr'><strong>Terebinthaoeis,</strong></span> <span class='ocrx_word' id='word_1_78' title='bbox 500 3210 619 3286; x_wconf 88' lang='lat' dir='ltr'><strong>Loasa</strong></span> <span class='ocrx_word' id='word_1_79' title='bbox 639 3210 868 3286; x_wconf 80' lang='lat' dir='ltr'><strong>Portulaceir</strong></span> <span class='ocrx_word' id='word_1_80' title='bbox 888 3212 1098 3315; x_wconf 81' lang='lat' dir='ltr'><strong>plerisque,</strong></span> <span class='ocrx_word' id='word_1_81' title='bbox 1125 3210 1333 3302; x_wconf 74' lang='lat' dir='ltr'><strong>Aizoideis,</strong></span> <span class='ocrx_word' id='word_1_82' title='bbox 1359 3210 1498 3289; x_wconf 84' lang='lat' dir='ltr'><strong>inveni.</strong></span> <span class='ocrx_word' id='word_1_83' title='bbox 1553 3210 1752 3313; x_wconf 77' lang='lat' dir='ltr'><strong>sphaerica</strong></span> <span class='ocrx_word' id='word_1_84' title='bbox 1765 3208 1896 3313; x_wconf 81' lang='lat' dir='ltr'><strong>glabra</strong></span> 
     </span>
     <span class='ocr_line' id='line_1_12' title="bbox 139 3322 1893 3433; baseline 0 -30"><span class='ocrx_word' id='word_1_85' title='bbox 139 3353 226 3403; x_wconf 84' lang='lat' dir='ltr'><strong>eum</strong></span> <span class='ocrx_word' id='word_1_86' title='bbox 253 3326 626 3433; x_wconf 80' lang='lat' dir='ltr'><strong>oblongoaphaerieis</strong></span> <span class='ocrx_word' id='word_1_87' title='bbox 652 3322 858 3405; x_wconf 84' lang='lat' dir='ltr'><strong>occurrunt</strong></span> <span class='ocrx_word' id='word_1_88' title='bbox 879 3330 918 3404; x_wconf 86' lang='lat' dir='ltr'><strong>in</strong></span> <span class='ocrx_word' id='word_1_89' title='bbox 938 3330 1127 3421; x_wconf 59' lang='lat' dir='ltr'><strong>Aroidein</strong></span> <span class='ocrx_word' id='word_1_90' title='bbox 1161 3328 1311 3421; x_wconf 79' lang='lat' dir='ltr'><strong>Irideir,</strong></span> <span class='ocrx_word' id='word_1_91' title='bbox 1345 3330 1631 3419; x_wconf 88' lang='lat' dir='ltr'><strong>Sarmentaceis,</strong></span> <span class='ocrx_word' id='word_1_92' title='bbox 1665 3328 1893 3417; x_wconf 77' lang='lat' dir='ltr'><strong>coronariia,</strong></span> 
     </span>
     <span class='ocr_line' id='line_1_13' title="bbox 141 3446 1894 3555; baseline 0.001 -36"><span class='ocrx_word' id='word_1_93' title='bbox 141 3446 304 3523; x_wconf 80' lang='lat' dir='ltr'><strong>Lablatis</strong></span> <span class='ocrx_word' id='word_1_94' title='bbox 318 3446 529 3554; x_wconf 77' lang='lat' dir='ltr'><strong>plerisque,</strong></span> <span class='ocrx_word' id='word_1_95' title='bbox 554 3446 812 3551; x_wconf 72' lang='lat' dir='ltr'><strong>Asperiloliia,</strong></span> <span class='ocrx_word' id='word_1_96' title='bbox 832 3448 1085 3539; x_wconf 82' lang='lat' dir='ltr'><strong>Primulaceis,</strong></span> <span class='ocrx_word' id='word_1_97' title='bbox 1102 3448 1443 3555; x_wconf 79' lang='lat' dir='ltr'><strong>in&#39;l&#39;etrarlynamis,</strong></span> <span class='ocrx_word' id='word_1_98' title='bbox 1465 3449 1505 3524; x_wconf 90' lang='lat' dir='ltr'><strong>in</strong></span> <span class='ocrx_word' id='word_1_99' title='bbox 1519 3448 1739 3551; x_wconf 85' lang='lat' dir='ltr'><strong>Capparide.</strong></span> <span class='ocrx_word' id='word_1_100' title='bbox 1768 3446 1894 3521; x_wconf 86' lang='lat' dir='ltr'><strong>Etiam</strong></span> 
     </span>
     <span class='ocr_line' id='line_1_14' title="bbox 138 3564 1893 3672; baseline 0 -31"><span class='ocrx_word' id='word_1_101' title='bbox 138 3564 405 3667; x_wconf 76' lang='lat' dir='ltr'><strong>Asclepiadeae</strong></span> <span class='ocrx_word' id='word_1_102' title='bbox 425 3568 547 3672; x_wconf 86' lang='lat' dir='ltr'><strong>primo</strong></span> <span class='ocrx_word' id='word_1_103' title='bbox 569 3566 798 3645; x_wconf 78' lang='lat' dir='ltr'><strong>evolationis</strong></span> <span class='ocrx_word' id='word_1_104' title='bbox 821 3568 941 3643; x_wconf 86' lang='lat' dir='ltr'><strong>stadio</strong></span> <span class='ocrx_word' id='word_1_105' title='bbox 961 3594 1073 3671; x_wconf 80' lang='lat' dir='ltr'><strong>grana</strong></span> <span class='ocrx_word' id='word_1_106' title='bbox 1096 3566 1295 3671; x_wconf 85' lang='lat' dir='ltr'><strong>pollinaria</strong></span> <span class='ocrx_word' id='word_1_107' title='bbox 1321 3566 1514 3671; x_wconf 85' lang='lat' dir='ltr'><strong>sphaerica</strong></span> <span class='ocrx_word' id='word_1_108' title='bbox 1535 3568 1710 3644; x_wconf 83' lang='lat' dir='ltr'><strong>offerunt.</strong></span> <span class='ocrx_word' id='word_1_109' title='bbox 1764 3566 1893 3643; x_wconf 85' lang='lat' dir='ltr'><strong>Grana</strong></span> 
     </span>
     <span class='ocr_line' id='line_1_15' title="bbox 137 3680 1892 3790; baseline -0.001 -29"><span class='ocrx_word' id='word_1_110' title='bbox 137 3684 332 3789; x_wconf 75' lang='lat' dir='ltr'><strong>sphaerica</strong></span> <span class='ocrx_word' id='word_1_111' title='bbox 353 3685 480 3788; x_wconf 85' lang='lat' dir='ltr'><strong>glabra</strong></span> <span class='ocrx_word' id='word_1_112' title='bbox 502 3712 588 3762; x_wconf 84' lang='lat' dir='ltr'><strong>oum</strong></span> <span class='ocrx_word' id='word_1_113' title='bbox 611 3686 721 3765; x_wconf 74' lang='lat' dir='ltr'><strong>hirtis</strong></span> <span class='ocrx_word' id='word_1_114' title='bbox 740 3686 781 3763; x_wconf 92' lang='lat' dir='ltr'><strong>in</strong></span> <span class='ocrx_word' id='word_1_115' title='bbox 797 3685 1110 3790; x_wconf 85' lang='lat' dir='ltr'><strong>Hydrocharideis</strong></span> <span class='ocrx_word' id='word_1_116' title='bbox 1125 3688 1266 3789; x_wconf 84' lang='lat' dir='ltr'><strong>reperi,</strong></span> <span class='ocrx_word' id='word_1_117' title='bbox 1292 3689 1333 3763; x_wconf 86' lang='lat' dir='ltr'><strong>in</strong></span> <span class='ocrx_word' id='word_1_118' title='bbox 1348 3685 1648 3777; x_wconf 82' lang='lat' dir='ltr'><strong>Cucurbitaceis,</strong></span> <span class='ocrx_word' id='word_1_119' title='bbox 1674 3686 1714 3762; x_wconf 92' lang='lat' dir='ltr'><strong>in</strong></span> <span class='ocrx_word' id='word_1_120' title='bbox 1725 3680 1892 3761; x_wconf 76' lang='lat' dir='ltr'><strong>nibesia-</strong></span> 
     </span>
     <span class='ocr_line' id='line_1_16' title="bbox 137 3802 1892 3909; baseline 0 -30"><span class='ocrx_word' id='word_1_121' title='bbox 137 3802 234 3893; x_wconf 79' lang='lat' dir='ltr'><strong>aeis,</strong></span> <span class='ocrx_word' id='word_1_122' title='bbox 261 3803 342 3880; x_wconf 77' lang='lat' dir='ltr'><strong>sola</strong></span> <span class='ocrx_word' id='word_1_123' title='bbox 362 3802 512 3907; x_wconf 83' lang='lat' dir='ltr'><strong>hispida</strong></span> <span class='ocrx_word' id='word_1_124' title='bbox 528 3804 568 3880; x_wconf 93' lang='lat' dir='ltr'><strong>in</strong></span> <span class='ocrx_word' id='word_1_125' title='bbox 581 3806 797 3884; x_wconf 79' lang='lat' dir='ltr'><strong>Malvaoeia.</strong></span> <span class='ocrx_word' id='word_1_126' title='bbox 851 3806 973 3882; x_wconf 85' lang='lat' dir='ltr'><strong>Etiam</strong></span> <span class='ocrx_word' id='word_1_127' title='bbox 986 3805 1026 3880; x_wconf 90' lang='lat' dir='ltr'><strong>in</strong></span> <span class='ocrx_word' id='word_1_128' title='bbox 1040 3805 1186 3908; x_wconf 89' lang='lat' dir='ltr'><strong>polline</strong></span> <span class='ocrx_word' id='word_1_129' title='bbox 1201 3806 1426 3909; x_wconf 84' lang='lat' dir='ltr'><strong>conglobato</strong></span> <span class='ocrx_word' id='word_1_130' title='bbox 1439 3830 1550 3907; x_wconf 82' lang='lat' dir='ltr'><strong>grana</strong></span> <span class='ocrx_word' id='word_1_131' title='bbox 1567 3804 1743 3909; x_wconf 86' lang='lat' dir='ltr'><strong>primarie</strong></span> <span class='ocrx_word' id='word_1_132' title='bbox 1758 3802 1892 3907; x_wconf 80' lang='lat' dir='ltr'><strong>sphae-</strong></span> 
     </span>
     <span class='ocr_line' id='line_1_17' title="bbox 138 3920 1892 4027; baseline 0.001 -29"><span class='ocrx_word' id='word_1_133' title='bbox 138 3922 215 3998; x_wconf 84' lang='lat' dir='ltr'><strong>rioa</strong></span> <span class='ocrx_word' id='word_1_134' title='bbox 236 3922 374 4000; x_wconf 77' lang='lat' dir='ltr'><strong>assumi</strong></span> <span class='ocrx_word' id='word_1_135' title='bbox 392 3920 548 4012; x_wconf 84' lang='lat' dir='ltr'><strong>debent,</strong></span> <span class='ocrx_word' id='word_1_136' title='bbox 580 3925 691 4027; x_wconf 84' lang='lat' dir='ltr'><strong>quale</strong></span> <span class='ocrx_word' id='word_1_137' title='bbox 710 3924 752 4000; x_wconf 87' lang='lat' dir='ltr'><strong>in</strong></span> <span class='ocrx_word' id='word_1_138' title='bbox 771 3924 970 4027; x_wconf 87' lang='lat' dir='ltr'><strong>Epacride‚</strong></span> <span class='ocrx_word' id='word_1_139' title='bbox 1005 3924 1046 4000; x_wconf 87' lang='lat' dir='ltr'><strong>in</strong></span> <span class='ocrx_word' id='word_1_140' title='bbox 1059 3924 1197 4015; x_wconf 85' lang='lat' dir='ltr'><strong>Ericir,</strong></span> <span class='ocrx_word' id='word_1_141' title='bbox 1230 3926 1269 4000; x_wconf 92' lang='lat' dir='ltr'><strong>in</strong></span> <span class='ocrx_word' id='word_1_142' title='bbox 1288 3922 1468 4025; x_wconf 80' lang='lat' dir='ltr'><strong>Bignonia</strong></span> <span class='ocrx_word' id='word_1_143' title='bbox 1489 3939 1528 4001; x_wconf 86' lang='lat' dir='ltr'><strong>et</strong></span> <span class='ocrx_word' id='word_1_144' title='bbox 1543 3924 1714 3999; x_wconf 84' lang='lat' dir='ltr'><strong>Mimoaa.</strong></span> <span class='ocrx_word' id='word_1_145' title='bbox 1765 3922 1892 4000; x_wconf 87' lang='lat' dir='ltr'><strong>Multa</strong></span> 
     </span>
     <span class='ocr_line' id='line_1_18' title="bbox 71 4039 1888 4147; baseline 0.001 -30"><span class='ocrx_word' id='word_1_146' title='bbox 71 4141 74 4147; x_wconf 17' lang='grc' dir='ltr'>ι</span> <span class='ocrx_word' id='word_1_147' title='bbox 136 4065 251 4143; x_wconf 86' lang='lat' dir='ltr'><strong>porro</strong></span> <span class='ocrx_word' id='word_1_148' title='bbox 277 4066 392 4145; x_wconf 81' lang='lat' dir='ltr'><strong>grana</strong></span> <span class='ocrx_word' id='word_1_149' title='bbox 418 4040 614 4147; x_wconf 76' lang='lat' dir='ltr'><strong>sphaerion</strong></span> <span class='ocrx_word' id='word_1_150' title='bbox 641 4042 841 4147; x_wconf 75' lang='lat' dir='ltr'><strong>superficie</strong></span> <span class='ocrx_word' id='word_1_151' title='bbox 861 4044 963 4121; x_wconf 86' lang='lat' dir='ltr'><strong>varie</strong></span> <span class='ocrx_word' id='word_1_152' title='bbox 989 4059 1135 4133; x_wconf 86' lang='lat' dir='ltr'><strong>notata,</strong></span> <span class='ocrx_word' id='word_1_153' title='bbox 1179 4055 1244 4116; x_wconf 84' lang='lat' dir='ltr'><strong>aut</strong></span> <span class='ocrx_word' id='word_1_154' title='bbox 1266 4039 1364 4117; x_wconf 81' lang='lat' dir='ltr'><strong>hirta</strong></span> <span class='ocrx_word' id='word_1_155' title='bbox 1387 4058 1430 4119; x_wconf 90' lang='lat' dir='ltr'><strong>ut</strong></span> <span class='ocrx_word' id='word_1_156' title='bbox 1450 4042 1528 4146; x_wconf 88' lang='lat' dir='ltr'><strong>jam</strong></span> <span class='ocrx_word' id='word_1_157' title='bbox 1546 4044 1691 4119; x_wconf 86' lang='lat' dir='ltr'><strong>dietum</strong></span> <span class='ocrx_word' id='word_1_158' title='bbox 1709 4058 1783 4133; x_wconf 80' lang='lat' dir='ltr'><strong>ert,</strong></span> <span class='ocrx_word' id='word_1_159' title='bbox 1820 4058 1888 4119; x_wconf 82' lang='lat' dir='ltr'><strong>aut</strong></span> 
     </span>
     <span class='ocr_line' id='line_1_19' title="bbox 139 4158 1889 4267; baseline 0.002 -32"><span class='ocrx_word' id='word_1_160' title='bbox 139 4159 260 4261; x_wconf 84' lang='lat' dir='ltr'><strong>poris,</strong></span> <span class='ocrx_word' id='word_1_161' title='bbox 286 4160 408 4263; x_wconf 77' lang='lat' dir='ltr'><strong>rugia,</strong></span> <span class='ocrx_word' id='word_1_162' title='bbox 434 4158 658 4249; x_wconf 67' lang='lat' dir='ltr'><strong>veementis,</strong></span> <span class='ocrx_word' id='word_1_163' title='bbox 685 4161 814 4252; x_wconf 77' lang='lat' dir='ltr'><strong>lineis,</strong></span> <span class='ocrx_word' id='word_1_164' title='bbox 841 4164 1012 4240; x_wconf 83' lang='lat' dir='ltr'><strong>reticulis</strong></span> <span class='ocrx_word' id='word_1_165' title='bbox 1033 4161 1245 4236; x_wconf 78' lang='lat' dir='ltr'><strong>obsessam</strong></span> <span class='ocrx_word' id='word_1_166' title='bbox 1266 4160 1889 4267; x_wconf 79' lang='lat' dir='ltr'><strong>denique(Paraiflorae)trioper-</strong></span> 
     </span>
     <span class='ocr_line' id='line_1_20' title="bbox 139 4278 1888 4383; baseline 0 -31"><span class='ocrx_word' id='word_1_167' title='bbox 139 4282 264 4356; x_wconf 82' lang='lat' dir='ltr'><strong>eulata</strong></span> <span class='ocrx_word' id='word_1_168' title='bbox 289 4280 546 4383; x_wconf 76' lang='lat' dir='ltr'><strong>reperiuntnr3</strong></span> <span class='ocrx_word' id='word_1_169' title='bbox 578 4280 692 4357; x_wconf 83' lang='lat' dir='ltr'><strong>etiarn</strong></span> <span class='ocrx_word' id='word_1_170' title='bbox 711 4278 858 4372; x_wconf 83' lang='lat' dir='ltr'><strong>trihila‚</strong></span> <span class='ocrx_word' id='word_1_171' title='bbox 886 4282 974 4359; x_wconf 90' lang='lat' dir='ltr'><strong>hilis</strong></span> <span class='ocrx_word' id='word_1_172' title='bbox 994 4278 1264 4358; x_wconf 81' lang='lat' dir='ltr'><strong>mamillaribua</strong></span> <span class='ocrx_word' id='word_1_173' title='bbox 1283 4278 1468 4357; x_wconf 87' lang='lat' dir='ltr'><strong>halonatis</strong></span> <span class='ocrx_word' id='word_1_174' title='bbox 1490 4299 1556 4358; x_wconf 86' lang='lat' dir='ltr'><strong>ant</strong></span> <span class='ocrx_word' id='word_1_175' title='bbox 1577 4280 1888 4360; x_wconf 75' lang='lat' dir='ltr'><strong>semivesiculoeis</strong></span> 
     </span>
     <span class='ocr_line' id='line_1_21' title="bbox 139 4394 720 4503; baseline -0.002 -28"><span class='ocrx_word' id='word_1_176' title='bbox 139 4401 391 4479; x_wconf 78' lang='lat' dir='ltr'><strong>communiter</strong></span> <span class='ocrx_word' id='word_1_177' title='bbox 410 4394 605 4503; x_wconf 73' lang='lat' dir='ltr'><strong>sphaerion¹</strong></span> <span class='ocrx_word' id='word_1_178' title='bbox 622 4411 720 4475; x_wconf 79' lang='lat' dir='ltr'><strong>runt.</strong></span> 
     </span>
    </p>
   </div>
   <div class='ocr_carea' id='block_1_5' title="bbox 140 4568 1889 4791">
    <p class='ocr_par' dir='ltr' id='par_1_5' title="bbox 140 4568 1889 4791">
     <span class='ocr_line' id='line_1_22' title="bbox 268 4568 1889 4675; baseline -0.005 -22"><span class='ocrx_word' id='word_1_179' title='bbox 268 4582 305 4653; x_wconf 78' lang='lat'><strong>³.</strong></span> <span class='ocrx_word' id='word_1_180' title='bbox 360 4571 486 4647; x_wconf 87' lang='lat' dir='ltr'><strong>Grana</strong></span> <span class='ocrx_word' id='word_1_181' title='bbox 504 4594 607 4647; x_wconf 83' lang='lat' dir='ltr'><strong>mere</strong></span> <span class='ocrx_word' id='word_1_182' title='bbox 627 4569 853 4672; x_wconf 81' lang='lat' dir='ltr'><strong>triangulata</strong></span> <span class='ocrx_word' id='word_1_183' title='bbox 874 4569 988 4647; x_wconf 83' lang='lat' dir='ltr'><strong>offert</strong></span> <span class='ocrx_word' id='word_1_184' title='bbox 1006 4568 1231 4671; x_wconf 78' lang='lat' dir='ltr'><strong>Elaeagnue‚</strong></span> <span class='ocrx_word' id='word_1_185' title='bbox 1257 4569 1377 4645; x_wconf 76' lang='lat' dir='ltr'><strong>Aulan</strong></span> <span class='ocrx_word' id='word_1_186' title='bbox 1396 4569 1499 4669; x_wconf 83' lang='lat' dir='ltr'><strong>(lom</strong></span> <span class='ocrx_word' id='word_1_187' title='bbox 1513 4572 1614 4674; x_wconf 88' lang='lat' dir='ltr'><strong>qnod</strong></span> <span class='ocrx_word' id='word_1_188' title='bbox 1629 4572 1738 4675; x_wconf 82' lang='lat' dir='ltr'><strong>plum</strong></span> <span class='ocrx_word' id='word_1_189' title='bbox 1751 4592 1889 4671; x_wconf 76' lang='lat' dir='ltr'><strong>genera</strong></span> 
     </span>
     <span class='ocr_line' id='line_1_23' title="bbox 140 4686 1888 4791; baseline -0.003 -23"><span class='ocrx_word' id='word_1_190' title='bbox 140 4717 217 4768; x_wconf 84' lang='lat' dir='ltr'><strong>non</strong></span> <span class='ocrx_word' id='word_1_191' title='bbox 239 4690 460 4791; x_wconf 76' lang='lat' dir='ltr'><strong>investigata</strong></span> <span class='ocrx_word' id='word_1_192' title='bbox 481 4690 611 4788; x_wconf 85' lang='lat' dir='ltr'><strong>suut),</strong></span> <span class='ocrx_word' id='word_1_193' title='bbox 639 4690 814 4791; x_wconf 85' lang='lat' dir='ltr'><strong>Sapotae,</strong></span> <span class='ocrx_word' id='word_1_194' title='bbox 828 4691 1027 4778; x_wconf 81' lang='lat' dir='ltr'><strong>Rhemum,</strong></span> <span class='ocrx_word' id='word_1_195' title='bbox 1051 4687 1233 4778; x_wconf 84' lang='lat' dir='ltr'><strong>Cassieae,</strong></span> <span class='ocrx_word' id='word_1_196' title='bbox 1247 4691 1432 4768; x_wconf 84' lang='lat' dir='ltr'><strong>Rosaeeae</strong></span> <span class='ocrx_word' id='word_1_197' title='bbox 1445 4716 1574 4768; x_wconf 81' lang='lat' dir='ltr'><strong>omnes</strong></span> <span class='ocrx_word' id='word_1_198' title='bbox 1588 4686 1888 4791; x_wconf 79' lang='lat' dir='ltr'><strong>quaahuonrqne</strong></span> 
     </span>
    </p>
   </div>
   <div class='ocr_carea' id='block_1_6' title="bbox 140 4806 1889 4992">
    <p class='ocr_par' dir='ltr' id='par_1_6' title="bbox 140 4806 1889 4992">
     <span class='ocr_line' id='line_1_24' title="bbox 140 4806 1889 4992; baseline -0.001 -107"><span class='ocrx_word' id='word_1_199' title='bbox 140 4812 426 4914; x_wconf 76' lang='lat' dir='ltr'><strong>inquisiveram‚</strong></span> <span class='ocrx_word' id='word_1_200' title='bbox 449 4807 726 4899; x_wconf 82' lang='lat' dir='ltr'><strong>Melaleuceae,</strong></span> <span class='ocrx_word' id='word_1_201' title='bbox 740 4809 921 4909; x_wconf 75' lang='lat' dir='ltr'><strong>Myrtoae,</strong></span> <span class='ocrx_word' id='word_1_202' title='bbox 943 4806 1169 4909; x_wconf 74' lang='lat' dir='ltr'><strong>amygdalus</strong></span> <span class='ocrx_word' id='word_1_203' title='bbox 1182 4806 1317 4992; x_wconf 59' lang='lat' dir='ltr'><strong>(etia4m</strong></span> <span class='ocrx_word' id='word_1_204' title='bbox 1328 4807 1653 4889; x_wconf 74' lang='lat' dir='ltr'><strong>hocadlloaaeeaa</strong></span> <span class='ocrx_word' id='word_1_205' title='bbox 1666 4806 1889 4907; x_wconf 77' lang='lat' dir='ltr'><strong>referenda),</strong></span> 
     </span>
    </p>
   </div>
   <div class='ocr_carea' id='block_1_7' title="bbox 0 0 2158 5520">
    <p class='ocr_par' dir='ltr' id='par_1_7' title="bbox 0 0 2158 5520">
     <span class='ocr_line' id='line_1_25' title="bbox 0 0 2158 5520; baseline 0 3"><span class='ocrx_word' id='word_1_206' title='bbox 0 0 2158 5520; x_wconf 95' lang='lat' dir='ltr'><strong> </strong></span> 
     </span>
    </p>
   </div>
  </div>
 </body>
</html>
