<?xml version="1.0" encoding="UTF-8"?>
<!DOCTYPE html PUBLIC "-//W3C//DTD XHTML 1.0 Transitional//EN"
    "http://www.w3.org/TR/xhtml1/DTD/xhtml1-transitional.dtd">
<html xmlns="http://www.w3.org/1999/xhtml" xml:lang="en" lang="en">
 <head>
  <title>
</title>
<meta http-equiv="Content-Type" content="text/html;charset=utf-8" />
  <meta name='ocr-system' content='tesseract 3.04.00' />
  <meta name='ocr-capabilities' content='ocr_page ocr_carea ocr_par ocr_line ocrx_word'/>
</head>
<body>
  <div class='ocr_page' id='page_1' title='image "./decellulisanthe00purkgoog_0023.png"; bbox 0 0 4306 5520; ppageno 0'>
   <div class='ocr_carea' id='block_1_1' title="bbox 879 438 1213 554">
    <p class='ocr_par' dir='ltr' id='par_1_1' title="bbox 879 438 1213 554">
     <span class='ocr_line' id='line_1_1' title="bbox 879 438 1213 554; baseline 0.006 -21"><span class='ocrx_word' id='word_1_1' title='bbox 879 517 933 533; x_wconf 92' lang='lat'>..</span> <span class='ocrx_word' id='word_1_2' title='bbox 1024 486 1069 554; x_wconf 88' lang='lat'>11</span> <span class='ocrx_word' id='word_1_3' title='bbox 1152 438 1213 535; x_wconf 33' lang='grc'>’.-</span> 
     </span>
    </p>
   </div>
   <div class='ocr_carea' id='block_1_2' title="bbox 72 677 2031 4844">
    <p class='ocr_par' dir='ltr' id='par_1_2' title="bbox 72 677 1926 904">
     <span class='ocr_line' id='line_1_2' title="bbox 72 677 1926 811; baseline 0 -54"><span class='ocrx_word' id='word_1_4' title='bbox 72 688 75 693; x_wconf 79' lang='grc'><strong>’</strong></span> <span class='ocrx_word' id='word_1_5' title='bbox 162 681 225 757; x_wconf 95' lang='lat' dir='ltr'>vel</span> <span class='ocrx_word' id='word_1_6' title='bbox 258 680 303 753; x_wconf 87' lang='lat' dir='ltr'>ad</span> <span class='ocrx_word' id='word_1_7' title='bbox 337 677 469 756; x_wconf 89' lang='lat' dir='ltr'>basim.</span> <span class='ocrx_word' id='word_1_8' title='bbox 524 680 595 755; x_wconf 85' lang='lat' dir='ltr'>Sed</span> <span class='ocrx_word' id='word_1_9' title='bbox 620 678 751 756; x_wconf 91' lang='lat' dir='ltr'>baec</span> <span class='ocrx_word' id='word_1_10' title='bbox 741 707 781 757; x_wconf 88' lang='lat' dir='ltr'>m</span> <span class='ocrx_word' id='word_1_11' title='bbox 807 678 1058 784; x_wconf 73' lang='lat' dir='ltr'><strong>topographia</strong></span> <span class='ocrx_word' id='word_1_12' title='bbox 1086 679 1325 811; x_wconf 41' lang='lat' dir='ltr'>aufferarnm</span> <span class='ocrx_word' id='word_1_13' title='bbox 1350 680 1593 757; x_wconf 83' lang='lat' dir='ltr'>subtilissima</span> <span class='ocrx_word' id='word_1_14' title='bbox 1620 682 1778 759; x_wconf 86' lang='lat' dir='ltr'>ulterius</span> <span class='ocrx_word' id='word_1_15' title='bbox 1803 681 1926 757; x_wconf 83' lang='lat' dir='ltr'>adbuc</span> 
     </span>
     <span class='ocr_line' id='line_1_3' title="bbox 162 799 480 904; baseline -0.015 -27"><span class='ocrx_word' id='word_1_16' title='bbox 162 799 480 904; x_wconf 83' lang='lat' dir='ltr'>pertractanda.-</span> 
     </span>
    </p>

    <p class='ocr_par' dir='ltr' id='par_1_3' title="bbox 157 918 1927 1593">
     <span class='ocr_line' id='line_1_4' title="bbox 290 918 1927 1022; baseline 0.002 -28"><span class='ocrx_word' id='word_1_17' title='bbox 290 924 505 1021; x_wconf 85' lang='lat' dir='ltr'>Junguntur</span> <span class='ocrx_word' id='word_1_18' title='bbox 519 918 706 994; x_wconf 81' lang='lat' dir='ltr'>cellulae</span> <span class='ocrx_word' id='word_1_19' title='bbox 696 933 796 993; x_wconf 88' lang='lat' dir='ltr'>mter</span> <span class='ocrx_word' id='word_1_20' title='bbox 810 945 849 993; x_wconf 90' lang='lat' dir='ltr'>se</span> <span class='ocrx_word' id='word_1_21' title='bbox 864 935 928 994; x_wconf 89' lang='lat' dir='ltr'>aut</span> <span class='ocrx_word' id='word_1_22' title='bbox 942 921 1053 994; x_wconf 87' lang='lat' dir='ltr'>modo</span> <span class='ocrx_word' id='word_1_23' title='bbox 1068 921 1257 1022; x_wconf 87' lang='lat' dir='ltr'>contiguo,</span> <span class='ocrx_word' id='word_1_24' title='bbox 1277 937 1342 996; x_wconf 90' lang='lat' dir='ltr'>aut</span> <span class='ocrx_word' id='word_1_25' title='bbox 1357 920 1552 1008; x_wconf 88' lang='lat' dir='ltr'>continuo,</span> <span class='ocrx_word' id='word_1_26' title='bbox 1568 936 1633 995; x_wconf 89' lang='lat' dir='ltr'>aut</span> <span class='ocrx_word' id='word_1_27' title='bbox 1647 921 1796 998; x_wconf 89' lang='lat' dir='ltr'>diverso</span> <span class='ocrx_word' id='word_1_28' title='bbox 1810 922 1927 1022; x_wconf 82' lang='lat' dir='ltr'>gradu</span> 
     </span>
     <span class='ocr_line' id='line_1_5' title="bbox 160 1038 1919 1142; baseline 0.002 -30"><span class='ocrx_word' id='word_1_29' title='bbox 160 1039 343 1114; x_wconf 79' lang='lat' dir='ltr'><strong>discretae</strong></span> <span class='ocrx_word' id='word_1_30' title='bbox 371 1066 413 1114; x_wconf 95' lang='lat' dir='ltr'>ac</span> <span class='ocrx_word' id='word_1_31' title='bbox 433 1039 615 1113; x_wconf 90' lang='lat' dir='ltr'>distantes</span> <span class='ocrx_word' id='word_1_32' title='bbox 637 1053 734 1113; x_wconf 89' lang='lat' dir='ltr'>sunt.</span> <span class='ocrx_word' id='word_1_33' title='bbox 791 1038 1005 1115; x_wconf 90' lang='lat' dir='ltr'>Continuae</span> <span class='ocrx_word' id='word_1_34' title='bbox 1026 1069 1107 1118; x_wconf 88' lang='lat' dir='ltr'>esse</span> <span class='ocrx_word' id='word_1_35' title='bbox 1129 1041 1255 1116; x_wconf 89' lang='lat' dir='ltr'>solent</span> <span class='ocrx_word' id='word_1_36' title='bbox 1276 1041 1516 1141; x_wconf 88' lang='lat' dir='ltr'>prismaticae</span> <span class='ocrx_word' id='word_1_37' title='bbox 1536 1039 1640 1115; x_wconf 84' lang='lat' dir='ltr'>libris</span> <span class='ocrx_word' id='word_1_38' title='bbox 1663 1041 1919 1142; x_wconf 84' lang='lat' dir='ltr'>simplicibus;</span> 
     </span>
     <span class='ocr_line' id='line_1_6' title="bbox 161 1158 1926 1263; baseline -0.001 -28"><span class='ocrx_word' id='word_1_39' title='bbox 161 1162 275 1236; x_wconf 89' lang='lat' dir='ltr'>etiam</span> <span class='ocrx_word' id='word_1_40' title='bbox 289 1159 594 1234; x_wconf 82' lang='lat' dir='ltr'>membranaceae</span> <span class='ocrx_word' id='word_1_41' title='bbox 608 1158 1087 1261; x_wconf 89' lang='lat' dir='ltr'>nonnullaedissepimenta</span> <span class='ocrx_word' id='word_1_42' title='bbox 1097 1161 1249 1263; x_wconf 90' lang='lat' dir='ltr'>propria</span> <span class='ocrx_word' id='word_1_43' title='bbox 1258 1186 1333 1236; x_wconf 93' lang='lat' dir='ltr'>non</span> <span class='ocrx_word' id='word_1_44' title='bbox 1341 1174 1580 1263; x_wconf 87' lang='lat' dir='ltr'>praesentant</span> <span class='ocrx_word' id='word_1_45' title='bbox 1593 1158 1926 1235; x_wconf 88' lang='lat' dir='ltr'>forsaccresceudo</span> 
     </span>
     <span class='ocr_line' id='line_1_7' title="bbox 160 1277 1925 1382; baseline 0.001 -27"><span class='ocrx_word' id='word_1_46' title='bbox 160 1277 331 1365; x_wconf 81' lang='lat' dir='ltr'>evanida3</span> <span class='ocrx_word' id='word_1_47' title='bbox 369 1279 599 1366; x_wconf 88' lang='lat' dir='ltr'>vasculares,</span> <span class='ocrx_word' id='word_1_48' title='bbox 632 1277 845 1379; x_wconf 85' lang='lat' dir='ltr'>ellipticae,</span> <span class='ocrx_word' id='word_1_49' title='bbox 880 1278 1067 1380; x_wconf 83' lang='lat' dir='ltr'>oblongae</span> <span class='ocrx_word' id='word_1_50' title='bbox 1095 1278 1327 1380; x_wconf 83' lang='lat' dir='ltr'>hexagonae,</span> <span class='ocrx_word' id='word_1_51' title='bbox 1361 1280 1595 1354; x_wconf 78' lang='lat' dir='ltr'>columnares</span> <span class='ocrx_word' id='word_1_52' title='bbox 1624 1295 1664 1357; x_wconf 87' lang='lat' dir='ltr'>et</span> <span class='ocrx_word' id='word_1_53' title='bbox 1684 1278 1925 1382; x_wconf 83' lang='lat' dir='ltr'>prismaticae</span> 
     </span>
     <span class='ocr_line' id='line_1_8' title="bbox 157 1395 1927 1503; baseline 0.001 -32"><span class='ocrx_word' id='word_1_54' title='bbox 157 1397 365 1500; x_wconf 85' lang='lat' dir='ltr'>pleraeque</span> <span class='ocrx_word' id='word_1_55' title='bbox 383 1412 471 1473; x_wconf 90' lang='lat' dir='ltr'>sunt</span> <span class='ocrx_word' id='word_1_56' title='bbox 492 1396 709 1496; x_wconf 81' lang='lat' dir='ltr'>contiguae,</span> <span class='ocrx_word' id='word_1_57' title='bbox 750 1395 949 1473; x_wconf 88' lang='lat' dir='ltr'>sedetiam</span> <span class='ocrx_word' id='word_1_58' title='bbox 971 1399 1072 1474; x_wconf 91' lang='lat' dir='ltr'>inter</span> <span class='ocrx_word' id='word_1_59' title='bbox 1092 1399 1158 1475; x_wconf 88' lang='lat' dir='ltr'>has</span> <span class='ocrx_word' id='word_1_60' title='bbox 1177 1401 1357 1476; x_wconf 89' lang='lat' dir='ltr'>discretas</span> <span class='ocrx_word' id='word_1_61' title='bbox 1378 1399 1562 1489; x_wconf 87' lang='lat' dir='ltr'>iuvenies,</span> <span class='ocrx_word' id='word_1_62' title='bbox 1601 1400 1824 1503; x_wconf 86' lang='lat' dir='ltr'>praesertim</span> <span class='ocrx_word' id='word_1_63' title='bbox 1846 1396 1927 1472; x_wconf 87' lang='lat' dir='ltr'>col·</span> 
     </span>
     <span class='ocr_line' id='line_1_9' title="bbox 157 1515 741 1593; baseline -0.002 -2"><span class='ocrx_word' id='word_1_64' title='bbox 157 1517 336 1593; x_wconf 89' lang='lat' dir='ltr'>liculares</span> <span class='ocrx_word' id='word_1_65' title='bbox 364 1532 403 1592; x_wconf 93' lang='lat' dir='ltr'>et</span> <span class='ocrx_word' id='word_1_66' title='bbox 420 1515 741 1591; x_wconf 82' lang='lat' dir='ltr'>asteriscilormes</span> 
     </span>
    </p>

    <p class='ocr_par' dir='ltr' id='par_1_4' title="bbox 160 1635 1927 1862">
     <span class='ocr_line' id='line_1_10' title="bbox 289 1635 1927 1765; baseline 0.001 -55"><span class='ocrx_word' id='word_1_67' title='bbox 289 1637 464 1712; x_wconf 89' lang='lat' dir='ltr'>Cellulae</span> <span class='ocrx_word' id='word_1_68' title='bbox 484 1636 648 1737; x_wconf 88' lang='lat' dir='ltr'>deniqne</span> <span class='ocrx_word' id='word_1_69' title='bbox 667 1635 882 1712; x_wconf 87' lang='lat' dir='ltr'>anthericae</span> <span class='ocrx_word' id='word_1_70' title='bbox 903 1653 990 1712; x_wconf 90' lang='lat' dir='ltr'>sunt</span> <span class='ocrx_word' id='word_1_71' title='bbox 1010 1653 1075 1712; x_wconf 89' lang='lat' dir='ltr'>aut</span> <span class='ocrx_word' id='word_1_72' title='bbox 1095 1639 1176 1714; x_wconf 91' lang='lat' dir='ltr'>sine</span> <span class='ocrx_word' id='word_1_73' title='bbox 1189 1640 1294 1716; x_wconf 83' lang='lat' dir='ltr'>libris</span> <span class='ocrx_word' id='word_1_74' title='bbox 1310 1655 1376 1716; x_wconf 89' lang='lat' dir='ltr'>aut</span> <span class='ocrx_word' id='word_1_75' title='bbox 1389 1639 1566 1765; x_wconf 85' lang='lat' dir='ltr'>fibrosae,</span> <span class='ocrx_word' id='word_1_76' title='bbox 1594 1655 1660 1714; x_wconf 86' lang='lat' dir='ltr'>sut</span> <span class='ocrx_word' id='word_1_77' title='bbox 1672 1635 1927 1715; x_wconf 80' lang='lat' dir='ltr'>meraelibrae</span> 
     </span>
     <span class='ocr_line' id='line_1_11' title="bbox 160 1755 1305 1862; baseline 0.003 -30"><span class='ocrx_word' id='word_1_78' title='bbox 160 1756 200 1833; x_wconf 89' lang='lat' dir='ltr'>in</span> <span class='ocrx_word' id='word_1_79' title='bbox 218 1755 479 1832; x_wconf 87' lang='lat' dir='ltr'>endotlrecio</span> <span class='ocrx_word' id='word_1_80' title='bbox 470 1755 731 1842; x_wconf 70' lang='lat' dir='ltr'>luminatur,</span> <span class='ocrx_word' id='word_1_81' title='bbox 759 1755 899 1859; x_wconf 90' lang='lat' dir='ltr'>absque</span> <span class='ocrx_word' id='word_1_82' title='bbox 913 1758 1064 1832; x_wconf 91' lang='lat' dir='ltr'>cellulis</span> <span class='ocrx_word' id='word_1_83' title='bbox 1080 1762 1305 1862; x_wconf 78' lang='lat' dir='ltr'>conspicuis</span> 
     </span>
    </p>

    <p class='ocr_par' dir='ltr' id='par_1_5' title="bbox 159 1873 1927 2219">
     <span class='ocr_line' id='line_1_12' title="bbox 288 1873 1927 1978; baseline 0.001 -29"><span class='ocrx_word' id='word_1_84' title='bbox 288 1876 462 1951; x_wconf 87' lang='lat' dir='ltr'>Cellulae</span> <span class='ocrx_word' id='word_1_85' title='bbox 482 1877 623 1976; x_wconf 88' lang='lat' dir='ltr'>absque</span> <span class='ocrx_word' id='word_1_86' title='bbox 644 1873 748 1948; x_wconf 86' lang='lat' dir='ltr'>libris</span> <span class='ocrx_word' id='word_1_87' title='bbox 767 1892 831 1950; x_wconf 91' lang='lat' dir='ltr'>ant</span> <span class='ocrx_word' id='word_1_88' title='bbox 849 1876 1027 1952; x_wconf 87' lang='lat' dir='ltr'>distincte</span> <span class='ocrx_word' id='word_1_89' title='bbox 1041 1877 1307 1956; x_wconf 89' lang='lat' dir='ltr'>endotbecinm</span> <span class='ocrx_word' id='word_1_90' title='bbox 1323 1881 1573 1968; x_wconf 89' lang='lat' dir='ltr'>constituunt,</span> <span class='ocrx_word' id='word_1_91' title='bbox 1602 1893 1666 1954; x_wconf 89' lang='lat' dir='ltr'>ant</span> <span class='ocrx_word' id='word_1_92' title='bbox 1679 1903 1766 1952; x_wconf 91' lang='lat' dir='ltr'>cum</span> <span class='ocrx_word' id='word_1_93' title='bbox 1778 1874 1927 1978; x_wconf 66' lang='grc' dir='ltr'>ερὶἀειὲ</span> 
     </span>
     <span class='ocr_line' id='line_1_13' title="bbox 162 1993 1927 2084; baseline -0.001 -13"><span class='ocrx_word' id='word_1_94' title='bbox 162 1994 263 2071; x_wconf 90' lang='lat' dir='ltr'>mide</span> <span class='ocrx_word' id='word_1_95' title='bbox 285 1996 380 2072; x_wconf 88' lang='lat' dir='ltr'>adeo</span> <span class='ocrx_word' id='word_1_96' title='bbox 400 2008 488 2070; x_wconf 91' lang='lat' dir='ltr'>suut</span> <span class='ocrx_word' id='word_1_97' title='bbox 506 2008 723 2084; x_wconf 83' lang='lat' dir='ltr'>concretae,</span> <span class='ocrx_word' id='word_1_98' title='bbox 755 2010 799 2069; x_wconf 91' lang='lat' dir='ltr'>nt</span> <span class='ocrx_word' id='word_1_99' title='bbox 816 1995 965 2072; x_wconf 77' lang='lat' dir='ltr'>nsallum</span> <span class='ocrx_word' id='word_1_100' title='bbox 985 1997 1189 2074; x_wconf 77' lang='lat' dir='ltr'>discrimen</span> <span class='ocrx_word' id='word_1_101' title='bbox 1199 2000 1437 2076; x_wconf 90' lang='lat' dir='ltr'>membranae</span> <span class='ocrx_word' id='word_1_102' title='bbox 1452 1997 1668 2075; x_wconf 85' lang='lat' dir='ltr'>endothecii</span> <span class='ocrx_word' id='word_1_103' title='bbox 1680 2016 1724 2071; x_wconf 72' lang='lat' dir='ltr'>sc</span> <span class='ocrx_word' id='word_1_104' title='bbox 1738 1993 1927 2073; x_wconf 84' lang='lat' dir='ltr'>exotheoii</span> 
     </span>
     <span class='ocr_line' id='line_1_14' title="bbox 159 2131 389 2219; baseline 0 -28"><span class='ocrx_word' id='word_1_105' title='bbox 159 2131 389 2219; x_wconf 86' lang='lat' dir='ltr'>compareat.</span> 
     </span>
    </p>

    <p class='ocr_par' dir='ltr' id='par_1_6' title="bbox 158 2235 1929 2576">
     <span class='ocr_line' id='line_1_15' title="bbox 290 2235 1928 2341; baseline -0.002 -28"><span class='ocrx_word' id='word_1_106' title='bbox 290 2237 465 2313; x_wconf 88' lang='lat' dir='ltr'>Cellnlae</span> <span class='ocrx_word' id='word_1_107' title='bbox 485 2236 644 2310; x_wconf 86' lang='lat' dir='ltr'>librosae</span> <span class='ocrx_word' id='word_1_108' title='bbox 666 2250 731 2311; x_wconf 91' lang='lat' dir='ltr'>ant</span> <span class='ocrx_word' id='word_1_109' title='bbox 751 2235 930 2313; x_wconf 82' lang='lat' dir='ltr'>suutfere</span> <span class='ocrx_word' id='word_1_110' title='bbox 944 2237 1250 2314; x_wconf 88' lang='lat' dir='ltr'>membranaceae</span> <span class='ocrx_word' id='word_1_111' title='bbox 1263 2240 1309 2312; x_wconf 90' lang='lat' dir='ltr'>ad</span> <span class='ocrx_word' id='word_1_112' title='bbox 1322 2237 1564 2341; x_wconf 88' lang='lat' dir='ltr'>epidermidis</span> <span class='ocrx_word' id='word_1_113' title='bbox 1579 2252 1804 2335; x_wconf 71' lang='lat' dir='ltr'>structuram</span> <span class='ocrx_word' id='word_1_114' title='bbox 1820 2258 1928 2310; x_wconf 86' lang='lat' dir='ltr'>acce-</span> 
     </span>
     <span class='ocr_line' id='line_1_16' title="bbox 158 2353 1929 2461; baseline -0.001 -30"><span class='ocrx_word' id='word_1_115' title='bbox 158 2356 291 2433; x_wconf 86' lang='lat' dir='ltr'>dentes</span> <span class='ocrx_word' id='word_1_116' title='bbox 312 2356 417 2431; x_wconf 88' lang='lat' dir='ltr'>libris</span> <span class='ocrx_word' id='word_1_117' title='bbox 437 2354 683 2457; x_wconf 90' lang='lat' dir='ltr'>parietalibus</span> <span class='ocrx_word' id='word_1_118' title='bbox 705 2371 771 2432; x_wconf 91' lang='lat' dir='ltr'>aut</span> <span class='ocrx_word' id='word_1_119' title='bbox 789 2356 1021 2433; x_wconf 83' lang='lat' dir='ltr'>brevissimis</span> <span class='ocrx_word' id='word_1_120' title='bbox 1042 2384 1085 2433; x_wconf 89' lang='lat' dir='ltr'>ac</span> <span class='ocrx_word' id='word_1_121' title='bbox 1105 2358 1184 2434; x_wconf 86' lang='lat' dir='ltr'>fere</span> <span class='ocrx_word' id='word_1_122' title='bbox 1204 2358 1495 2461; x_wconf 81' lang='lat' dir='ltr'>porilormibus,</span> <span class='ocrx_word' id='word_1_123' title='bbox 1519 2370 1584 2432; x_wconf 90' lang='lat' dir='ltr'>ant</span> <span class='ocrx_word' id='word_1_124' title='bbox 1598 2353 1827 2456; x_wconf 82' lang='lat' dir='ltr'>marginibus</span> <span class='ocrx_word' id='word_1_125' title='bbox 1844 2378 1929 2432; x_wconf 85' lang='lat' dir='ltr'>cre-</span> 
     </span>
     <span class='ocr_line' id='line_1_17' title="bbox 161 2475 978 2576; baseline 0 -25"><span class='ocrx_word' id='word_1_126' title='bbox 161 2476 264 2551; x_wconf 88' lang='lat' dir='ltr'>uulis</span> <span class='ocrx_word' id='word_1_127' title='bbox 284 2491 431 2550; x_wconf 84' lang='lat' dir='ltr'>tautum</span> <span class='ocrx_word' id='word_1_128' title='bbox 444 2476 608 2550; x_wconf 90' lang='lat' dir='ltr'>alternis</span> <span class='ocrx_word' id='word_1_129' title='bbox 628 2502 669 2550; x_wconf 90' lang='lat' dir='ltr'>se</span> <span class='ocrx_word' id='word_1_130' title='bbox 690 2475 978 2576; x_wconf 88' lang='lat' dir='ltr'>excipientibus.</span> 
     </span>
    </p>

    <p class='ocr_par' dir='ltr' id='par_1_7' title="bbox 159 2594 1929 3044">
     <span class='ocr_line' id='line_1_18' title="bbox 288 2594 1929 2707; baseline 0.001 -38"><span class='ocrx_word' id='word_1_131' title='bbox 288 2596 425 2671; x_wconf 87' lang='lat' dir='ltr'>Fibrae</span> <span class='ocrx_word' id='word_1_132' title='bbox 445 2609 620 2707; x_wconf 85' lang='lat' dir='ltr'>respectu</span> <span class='ocrx_word' id='word_1_133' title='bbox 641 2595 685 2667; x_wconf 92' lang='lat' dir='ltr'>ad</span> <span class='ocrx_word' id='word_1_134' title='bbox 706 2594 865 2669; x_wconf 92' lang='lat' dir='ltr'>cellulas</span> <span class='ocrx_word' id='word_1_135' title='bbox 886 2612 950 2672; x_wconf 92' lang='lat' dir='ltr'>ant</span> <span class='ocrx_word' id='word_1_136' title='bbox 971 2612 1058 2672; x_wconf 87' lang='lat' dir='ltr'>suut</span> <span class='ocrx_word' id='word_1_137' title='bbox 1072 2596 1222 2673; x_wconf 90' lang='lat' dir='ltr'>cellulis</span> <span class='ocrx_word' id='word_1_138' title='bbox 1237 2597 1448 2700; x_wconf 87' lang='lat' dir='ltr'>applicatae</span> <span class='ocrx_word' id='word_1_139' title='bbox 1462 2610 1527 2671; x_wconf 90' lang='lat' dir='ltr'>aut</span> <span class='ocrx_word' id='word_1_140' title='bbox 1541 2594 1742 2671; x_wconf 83' lang='lat' dir='ltr'>solitariae</span> <span class='ocrx_word' id='word_1_141' title='bbox 1798 2596 1929 2670; x_wconf 86' lang='lat' dir='ltr'>Pos</span> 
     </span>
     <span class='ocr_line' id='line_1_19' title="bbox 162 2640 1958 2815; baseline -0.003 -23"><span class='ocrx_word' id='word_1_142' title='bbox 162 2712 283 2793; x_wconf 89' lang='lat' dir='ltr'>riores</span> <span class='ocrx_word' id='word_1_143' title='bbox 309 2730 374 2789; x_wconf 88' lang='lat' dir='ltr'>aut</span> <span class='ocrx_word' id='word_1_144' title='bbox 399 2729 487 2789; x_wconf 90' lang='lat' dir='ltr'>sunt</span> <span class='ocrx_word' id='word_1_145' title='bbox 512 2697 750 2803; x_wconf 88' lang='lat' dir='ltr'>rectilineae,</span> <span class='ocrx_word' id='word_1_146' title='bbox 792 2730 940 2791; x_wconf 88' lang='lat' dir='ltr'>erectae</span> <span class='ocrx_word' id='word_1_147' title='bbox 967 2716 1038 2791; x_wconf 90' lang='lat' dir='ltr'>sibi</span> <span class='ocrx_word' id='word_1_148' title='bbox 1068 2719 1273 2805; x_wconf 89' lang='lat' dir='ltr'>adstantes,</span> <span class='ocrx_word' id='word_1_149' title='bbox 1314 2717 1376 2792; x_wconf 89' lang='lat' dir='ltr'>vel</span> <span class='ocrx_word' id='word_1_150' title='bbox 1401 2715 1685 2803; x_wconf 88' lang='lat' dir='ltr'>decumbentes,</span> <span class='ocrx_word' id='word_1_151' title='bbox 1728 2640 1958 2815; x_wconf 29' lang='lat' dir='ltr'>irregula-</span> 
     </span>
     <span class='ocr_line' id='line_1_20' title="bbox 159 2830 1926 2937; baseline -0.003 -25"><span class='ocrx_word' id='word_1_152' title='bbox 159 2830 372 2912; x_wconf 77' lang='lat' dir='ltr'>directione</span> <span class='ocrx_word' id='word_1_153' title='bbox 384 2849 612 2937; x_wconf 89' lang='lat' dir='ltr'>prostratae</span> <span class='ocrx_word' id='word_1_154' title='bbox 640 2849 705 2908; x_wconf 92' lang='lat' dir='ltr'>aut</span> <span class='ocrx_word' id='word_1_155' title='bbox 717 2861 759 2908; x_wconf 91' lang='lat' dir='ltr'>m</span> <span class='ocrx_word' id='word_1_156' title='bbox 773 2836 972 2911; x_wconf 84' lang='lat' dir='ltr'>asteriscos</span> <span class='ocrx_word' id='word_1_157' title='bbox 986 2836 1232 2925; x_wconf 91' lang='lat' dir='ltr'>combinatae,</span> <span class='ocrx_word' id='word_1_158' title='bbox 1260 2850 1325 2910; x_wconf 91' lang='lat' dir='ltr'>aut</span> <span class='ocrx_word' id='word_1_159' title='bbox 1342 2849 1430 2910; x_wconf 89' lang='lat' dir='ltr'>sunt</span> <span class='ocrx_word' id='word_1_160' title='bbox 1445 2834 1687 2923; x_wconf 91' lang='lat' dir='ltr'>curvilineae‚</span> <span class='ocrx_word' id='word_1_161' title='bbox 1715 2848 1780 2909; x_wconf 89' lang='lat' dir='ltr'>aut</span> <span class='ocrx_word' id='word_1_162' title='bbox 1793 2858 1926 2935; x_wconf 89' lang='lat' dir='ltr'>parum</span> 
     </span>
     <span class='ocr_line' id='line_1_21' title="bbox 162 2955 1161 3044; baseline 0.002 -15"><span class='ocrx_word' id='word_1_163' title='bbox 162 2955 397 3044; x_wconf 83' lang='lat' dir='ltr'>incurvatae,</span> <span class='ocrx_word' id='word_1_164' title='bbox 433 2970 497 3028; x_wconf 90' lang='lat' dir='ltr'>aut</span> <span class='ocrx_word' id='word_1_165' title='bbox 511 2970 701 3042; x_wconf 90' lang='lat' dir='ltr'>arcuatae,</span> <span class='ocrx_word' id='word_1_166' title='bbox 730 2969 794 3028; x_wconf 91' lang='lat' dir='ltr'>ant</span> <span class='ocrx_word' id='word_1_167' title='bbox 809 2955 1161 3031; x_wconf 87' lang='lat' dir='ltr'>retinaculilormes.</span> 
     </span>
    </p>

    <p class='ocr_par' dir='ltr' id='par_1_8' title="bbox 160 3072 1929 4370">
     <span class='ocr_line' id='line_1_22' title="bbox 283 3072 1929 3176; baseline -0.001 -26"><span class='ocrx_word' id='word_1_168' title='bbox 283 3073 427 3150; x_wconf 77' lang='lat' dir='ltr'>&#39;Fibrae</span> <span class='ocrx_word' id='word_1_169' title='bbox 455 3073 606 3148; x_wconf 92' lang='lat' dir='ltr'>cellulis</span> <span class='ocrx_word' id='word_1_170' title='bbox 634 3074 847 3176; x_wconf 89' lang='lat' dir='ltr'>applicatae</span> <span class='ocrx_word' id='word_1_171' title='bbox 869 3090 935 3149; x_wconf 86' lang='lat' dir='ltr'>aut</span> <span class='ocrx_word' id='word_1_172' title='bbox 956 3090 1044 3150; x_wconf 86' lang='lat' dir='ltr'>sunt</span> <span class='ocrx_word' id='word_1_173' title='bbox 1064 3091 1206 3166; x_wconf 85' lang='lat' dir='ltr'>rectae,</span> <span class='ocrx_word' id='word_1_174' title='bbox 1227 3072 1391 3176; x_wconf 88' lang='lat' dir='ltr'>parietes</span> <span class='ocrx_word' id='word_1_175' title='bbox 1409 3072 1576 3173; x_wconf 91' lang='lat' dir='ltr'>cujusvis</span> <span class='ocrx_word' id='word_1_176' title='bbox 1588 3074 1754 3150; x_wconf 88' lang='lat' dir='ltr'>cellulae</span> <span class='ocrx_word' id='word_1_177' title='bbox 1767 3074 1929 3148; x_wconf 88' lang='lat' dir='ltr'>circnm-</span> 
     </span>
     <span class='ocr_line' id='line_1_23' title="bbox 163 3191 1926 3285; baseline 0 -18"><span class='ocrx_word' id='word_1_178' title='bbox 163 3191 351 3285; x_wconf 87' lang='lat' dir='ltr'>sistentes,</span> <span class='ocrx_word' id='word_1_179' title='bbox 373 3209 438 3268; x_wconf 90' lang='lat' dir='ltr'>aut</span> <span class='ocrx_word' id='word_1_180' title='bbox 450 3208 575 3269; x_wconf 91' lang='lat' dir='ltr'>rectae</span> <span class='ocrx_word' id='word_1_181' title='bbox 590 3193 891 3271; x_wconf 89' lang='lat' dir='ltr'>intercellulares</span> <span class='ocrx_word' id='word_1_182' title='bbox 906 3195 1056 3269; x_wconf 90' lang='lat' dir='ltr'>cellulis</span> <span class='ocrx_word' id='word_1_183' title='bbox 1069 3196 1214 3270; x_wconf 88' lang='lat' dir='ltr'>duabus</span> <span class='ocrx_word' id='word_1_184' title='bbox 1228 3218 1455 3281; x_wconf 91' lang='lat' dir='ltr'>communes,</span> <span class='ocrx_word' id='word_1_185' title='bbox 1477 3194 1596 3269; x_wconf 90' lang='lat' dir='ltr'>instar</span> <span class='ocrx_word' id='word_1_186' title='bbox 1607 3192 1926 3269; x_wconf 80' lang='lat' dir='ltr'>caualinminter·</span> 
     </span>
     <span class='ocr_line' id='line_1_24' title="bbox 164 3312 1925 3416; baseline 0 -30"><span class='ocrx_word' id='word_1_187' title='bbox 164 3313 425 3402; x_wconf 68' lang='lat' dir='ltr'>sellularium</span> <span class='ocrx_word' id='word_1_188' title='bbox 458 3314 549 3387; x_wconf 87' lang='lat' dir='ltr'>alias</span> <span class='ocrx_word' id='word_1_189' title='bbox 571 3312 689 3388; x_wconf 87' lang='lat' dir='ltr'>fibrae</span> <span class='ocrx_word' id='word_1_190' title='bbox 709 3327 835 3388; x_wconf 89' lang='lat' dir='ltr'>rectae</span> <span class='ocrx_word' id='word_1_191' title='bbox 855 3312 1029 3413; x_wconf 88' lang='lat' dir='ltr'>paginam</span> <span class='ocrx_word' id='word_1_192' title='bbox 1048 3314 1254 3389; x_wconf 89' lang='lat' dir='ltr'>locularem</span> <span class='ocrx_word' id='word_1_193' title='bbox 1277 3312 1518 3390; x_wconf 83' lang='lat' dir='ltr'>transversim</span> <span class='ocrx_word' id='word_1_194' title='bbox 1542 3313 1724 3416; x_wconf 89' lang='lat' dir='ltr'>parallele</span> <span class='ocrx_word' id='word_1_195' title='bbox 1739 3312 1925 3400; x_wconf 81' lang='lat' dir='ltr'>obsident,</span> 
     </span>
     <span class='ocr_line' id='line_1_25' title="bbox 164 3430 1926 3533; baseline 0.002 -28"><span class='ocrx_word' id='word_1_196' title='bbox 164 3447 228 3506; x_wconf 85' lang='lat' dir='ltr'>ant</span> <span class='ocrx_word' id='word_1_197' title='bbox 250 3432 291 3509; x_wconf 91' lang='lat' dir='ltr'>in</span> <span class='ocrx_word' id='word_1_198' title='bbox 317 3433 468 3509; x_wconf 87' lang='lat' dir='ltr'>cellulis</span> <span class='ocrx_word' id='word_1_199' title='bbox 489 3431 773 3515; x_wconf 89' lang='lat' dir='ltr'>collicularibus</span> <span class='ocrx_word' id='word_1_200' title='bbox 794 3432 857 3505; x_wconf 91' lang='lat' dir='ltr'>vel</span> <span class='ocrx_word' id='word_1_201' title='bbox 878 3433 1021 3508; x_wconf 90' lang='lat' dir='ltr'>conicis</span> <span class='ocrx_word' id='word_1_202' title='bbox 1042 3435 1118 3510; x_wconf 89' lang='lat' dir='ltr'>situ</span> <span class='ocrx_word' id='word_1_203' title='bbox 1137 3431 1295 3533; x_wconf 90' lang='lat' dir='ltr'>obliquo</span> <span class='ocrx_word' id='word_1_204' title='bbox 1318 3430 1488 3506; x_wconf 90' lang='lat' dir='ltr'>radiatim</span> <span class='ocrx_word' id='word_1_205' title='bbox 1510 3431 1548 3505; x_wconf 93' lang='lat' dir='ltr'>in</span> <span class='ocrx_word' id='word_1_206' title='bbox 1569 3458 1745 3506; x_wconf 89' lang='lat' dir='ltr'>cacumen</span> <span class='ocrx_word' id='word_1_207' title='bbox 1767 3431 1926 3532; x_wconf 82' lang='lat' dir='ltr'>paginae</span> 
     </span>
     <span class='ocr_line' id='line_1_26' title="bbox 163 3548 1926 3655; baseline 0 -29"><span class='ocrx_word' id='word_1_208' title='bbox 163 3548 343 3627; x_wconf 91' lang='lat' dir='ltr'>locularis</span> <span class='ocrx_word' id='word_1_209' title='bbox 363 3567 607 3652; x_wconf 87' lang='lat' dir='ltr'>convergunt.</span> <span class='ocrx_word' id='word_1_210' title='bbox 662 3550 798 3627; x_wconf 86' lang='lat' dir='ltr'>Fibrae</span> <span class='ocrx_word' id='word_1_211' title='bbox 817 3554 995 3628; x_wconf 91' lang='lat' dir='ltr'>incurvae</span> <span class='ocrx_word' id='word_1_212' title='bbox 1007 3568 1073 3629; x_wconf 88' lang='lat' dir='ltr'>ant</span> <span class='ocrx_word' id='word_1_213' title='bbox 1086 3579 1219 3655; x_wconf 91' lang='lat' dir='ltr'>parum</span> <span class='ocrx_word' id='word_1_214' title='bbox 1233 3552 1411 3629; x_wconf 91' lang='lat' dir='ltr'>incurvae</span> <span class='ocrx_word' id='word_1_215' title='bbox 1427 3552 1588 3654; x_wconf 87' lang='lat' dir='ltr'>parietes</span> <span class='ocrx_word' id='word_1_216' title='bbox 1603 3551 1826 3626; x_wconf 89' lang='lat' dir='ltr'>cellularum</span> <span class='ocrx_word' id='word_1_217' title='bbox 1840 3550 1926 3652; x_wconf 87' lang='lat' dir='ltr'>ple·</span> 
     </span>
     <span class='ocr_line' id='line_1_27' title="bbox 160 3667 1926 3772; baseline -0.001 -26"><span class='ocrx_word' id='word_1_218' title='bbox 160 3694 321 3772; x_wconf 88' lang='lat' dir='ltr'>rumque</span> <span class='ocrx_word' id='word_1_219' title='bbox 341 3670 610 3746; x_wconf 91' lang='lat' dir='ltr'>orbicularium</span> <span class='ocrx_word' id='word_1_220' title='bbox 632 3671 896 3763; x_wconf 81' lang='lat' dir='ltr'>circumstant,</span> <span class='ocrx_word' id='word_1_221' title='bbox 927 3670 1053 3746; x_wconf 86' lang='lat' dir='ltr'>autin</span> <span class='ocrx_word' id='word_1_222' title='bbox 1074 3673 1214 3747; x_wconf 86' lang='lat' dir='ltr'>cellola</span> <span class='ocrx_word' id='word_1_223' title='bbox 1235 3670 1447 3745; x_wconf 89' lang='lat' dir='ltr'>colliculari</span> <span class='ocrx_word' id='word_1_224' title='bbox 1471 3670 1529 3743; x_wconf 89' lang='lat' dir='ltr'>vel</span> <span class='ocrx_word' id='word_1_225' title='bbox 1544 3667 1842 3771; x_wconf 88' lang='lat' dir='ltr'>hemisphaerica</span> <span class='ocrx_word' id='word_1_226' title='bbox 1856 3669 1926 3745; x_wconf 90' lang='lat' dir='ltr'>ob·</span> 
     </span>
     <span class='ocr_line' id='line_1_28' title="bbox 161 3786 1926 3923; baseline 0.001 -60"><span class='ocrx_word' id='word_1_227' title='bbox 161 3789 269 3892; x_wconf 88' lang='lat' dir='ltr'>liqna</span> <span class='ocrx_word' id='word_1_228' title='bbox 289 3790 499 3867; x_wconf 89' lang='lat' dir='ltr'>directione</span> <span class='ocrx_word' id='word_1_229' title='bbox 518 3817 565 3866; x_wconf 85' lang='lat' dir='ltr'>ex</span> <span class='ocrx_word' id='word_1_230' title='bbox 583 3789 664 3865; x_wconf 90' lang='lat' dir='ltr'>basi</span> <span class='ocrx_word' id='word_1_231' title='bbox 687 3791 733 3864; x_wconf 90' lang='lat' dir='ltr'>ad</span> <span class='ocrx_word' id='word_1_232' title='bbox 753 3792 898 3894; x_wconf 89' lang='lat' dir='ltr'>apicem</span> <span class='ocrx_word' id='word_1_233' title='bbox 919 3807 1166 3880; x_wconf 88' lang='lat' dir='ltr'>concurrunt,</span> <span class='ocrx_word' id='word_1_234' title='bbox 1194 3798 1260 3866; x_wconf 81' lang='lat' dir='ltr'>aut</span> <span class='ocrx_word' id='word_1_235' title='bbox 1272 3788 1395 3864; x_wconf 69' lang='lat' dir='ltr'>rectae</span> <span class='ocrx_word' id='word_1_236' title='bbox 1411 3786 1610 3887; x_wconf 90' lang='lat' dir='ltr'>parietales</span> <span class='ocrx_word' id='word_1_237' title='bbox 1625 3789 1665 3862; x_wconf 92' lang='lat' dir='ltr'>in</span> <span class='ocrx_word' id='word_1_238' title='bbox 1678 3790 1852 3923; x_wconf 83' lang='lat' dir='ltr'>paginam</span> <span class='ocrx_word' id='word_1_239' title='bbox 1865 3788 1926 3864; x_wconf 90' lang='lat' dir='ltr'>lo·</span> 
     </span>
     <span class='ocr_line' id='line_1_29' title="bbox 163 3906 1924 4010; baseline -0.001 -26"><span class='ocrx_word' id='word_1_240' title='bbox 163 3909 330 3985; x_wconf 85' lang='lat' dir='ltr'>cularem</span> <span class='ocrx_word' id='word_1_241' title='bbox 350 3908 523 3985; x_wconf 89' lang='lat' dir='ltr'>radiatim</span> <span class='ocrx_word' id='word_1_242' title='bbox 536 3910 797 4001; x_wconf 85' lang='lat' dir='ltr'>inflectuntur,</span> <span class='ocrx_word' id='word_1_243' title='bbox 825 3926 890 3984; x_wconf 91' lang='lat' dir='ltr'>aut</span> <span class='ocrx_word' id='word_1_244' title='bbox 904 3924 1077 3984; x_wconf 87' lang='lat' dir='ltr'>arcuatae</span> <span class='ocrx_word' id='word_1_245' title='bbox 1092 3913 1151 3986; x_wconf 90' lang='lat' dir='ltr'>vel</span> <span class='ocrx_word' id='word_1_246' title='bbox 1167 3906 1505 3985; x_wconf 86' lang='lat' dir='ltr'>retinaculilormes</span> <span class='ocrx_word' id='word_1_247' title='bbox 1519 3907 1682 4007; x_wconf 89' lang='lat' dir='ltr'>parietes</span> <span class='ocrx_word' id='word_1_248' title='bbox 1696 3921 1737 3981; x_wconf 89' lang='lat' dir='ltr'>et</span> <span class='ocrx_word' id='word_1_249' title='bbox 1750 3907 1924 4010; x_wconf 89' lang='lat' dir='ltr'>paginam</span> 
     </span>
     <span class='ocr_line' id='line_1_30' title="bbox 163 4024 1924 4161; baseline -0.001 -57"><span class='ocrx_word' id='word_1_250' title='bbox 163 4026 372 4104; x_wconf 82' lang='lat' dir='ltr'>Iocularem</span> <span class='ocrx_word' id='word_1_251' title='bbox 386 4029 581 4118; x_wconf 88' lang='lat' dir='ltr'>ambeunt,</span> <span class='ocrx_word' id='word_1_252' title='bbox 609 4045 673 4105; x_wconf 90' lang='lat' dir='ltr'>aut</span> <span class='ocrx_word' id='word_1_253' title='bbox 689 4030 804 4107; x_wconf 90' lang='lat' dir='ltr'>simul</span> <span class='ocrx_word' id='word_1_254' title='bbox 815 4027 862 4104; x_wconf 91' lang='lat' dir='ltr'>ad</span> <span class='ocrx_word' id='word_1_255' title='bbox 873 4030 1047 4133; x_wconf 88' lang='lat' dir='ltr'>paginam</span> <span class='ocrx_word' id='word_1_256' title='bbox 1063 4026 1369 4161; x_wconf 83' lang='lat' dir='ltr'>epidermidalem</span> <span class='ocrx_word' id='word_1_257' title='bbox 1384 4024 1641 4117; x_wconf 88' lang='lat' dir='ltr'>inflectuntur,</span> <span class='ocrx_word' id='word_1_258' title='bbox 1663 4039 1729 4100; x_wconf 89' lang='lat' dir='ltr'>aut</span> <span class='ocrx_word' id='word_1_259' title='bbox 1743 4028 1924 4102; x_wconf 84' lang='lat' dir='ltr'>cellulam</span> 
     </span>
     <span class='ocr_line' id='line_1_31' title="bbox 162 4143 1923 4250; baseline -0.002 -27"><span class='ocrx_word' id='word_1_260' title='bbox 162 4161 283 4223; x_wconf 84' lang='lat' dir='ltr'>totam</span> <span class='ocrx_word' id='word_1_261' title='bbox 303 4147 363 4223; x_wconf 90' lang='lat' dir='ltr'>vel</span> <span class='ocrx_word' id='word_1_262' title='bbox 385 4149 587 4223; x_wconf 90' lang='lat' dir='ltr'>circulares</span> <span class='ocrx_word' id='word_1_263' title='bbox 606 4151 669 4224; x_wconf 90' lang='lat' dir='ltr'>vel</span> <span class='ocrx_word' id='word_1_264' title='bbox 689 4148 966 4250; x_wconf 87' lang='lat' dir='ltr'>quadrangulae</span> <span class='ocrx_word' id='word_1_265' title='bbox 985 4148 1132 4223; x_wconf 92' lang='lat' dir='ltr'>annulis</span> <span class='ocrx_word' id='word_1_266' title='bbox 1148 4161 1213 4221; x_wconf 91' lang='lat' dir='ltr'>aut</span> <span class='ocrx_word' id='word_1_267' title='bbox 1227 4143 1340 4246; x_wconf 89' lang='lat' dir='ltr'>spiris</span> <span class='ocrx_word' id='word_1_268' title='bbox 1355 4144 1830 4247; x_wconf 87' lang='lat' dir='ltr'>nudiqueamplectnntur,</span> <span class='ocrx_word' id='word_1_269' title='bbox 1858 4159 1923 4222; x_wconf 91' lang='lat' dir='ltr'>ant</span> 
     </span>
     <span class='ocr_line' id='line_1_32' title="bbox 164 4264 1769 4370; baseline -0.002 -29"><span class='ocrx_word' id='word_1_270' title='bbox 164 4267 329 4369; x_wconf 88' lang='lat' dir='ltr'>denique</span> <span class='ocrx_word' id='word_1_271' title='bbox 348 4266 497 4344; x_wconf 88' lang='lat' dir='ltr'>fibrae</span> <span class='ocrx_word' id='word_1_272' title='bbox 483 4267 642 4370; x_wconf 71' lang='lat' dir='ltr'>jugatim</span> <span class='ocrx_word' id='word_1_273' title='bbox 665 4270 728 4343; x_wconf 93' lang='lat' dir='ltr'>vel</span> <span class='ocrx_word' id='word_1_274' title='bbox 748 4267 1008 4343; x_wconf 89' lang='lat' dir='ltr'>reticulatim</span> <span class='ocrx_word' id='word_1_275' title='bbox 998 4282 1097 4341; x_wconf 84' lang='lat' dir='ltr'>rnter</span> <span class='ocrx_word' id='word_1_276' title='bbox 1118 4293 1158 4342; x_wconf 91' lang='lat' dir='ltr'>se</span> <span class='ocrx_word' id='word_1_277' title='bbox 1176 4265 1329 4366; x_wconf 88' lang='lat' dir='ltr'>junctae</span> <span class='ocrx_word' id='word_1_278' title='bbox 1347 4265 1505 4340; x_wconf 88' lang='lat' dir='ltr'>cellulas</span> <span class='ocrx_word' id='word_1_279' title='bbox 1527 4264 1769 4339; x_wconf 90' lang='lat' dir='ltr'>circumdant.</span> 
     </span>
    </p>

    <p class='ocr_par' dir='ltr' id='par_1_9' title="bbox 162 4380 2031 4844">
     <span class='ocr_line' id='line_1_33' title="bbox 292 4380 2031 4487; baseline -0.003 -27"><span class='ocrx_word' id='word_1_280' title='bbox 292 4385 331 4460; x_wconf 89' lang='lat' dir='ltr'>Si</span> <span class='ocrx_word' id='word_1_281' title='bbox 347 4385 423 4485; x_wconf 91' lang='lat' dir='ltr'>jam</span> <span class='ocrx_word' id='word_1_282' title='bbox 439 4402 665 4462; x_wconf 89' lang='lat' dir='ltr'>structuram</span> <span class='ocrx_word' id='word_1_283' title='bbox 678 4385 856 4460; x_wconf 88' lang='lat' dir='ltr'>fibrarum</span> <span class='ocrx_word' id='word_1_284' title='bbox 869 4387 1098 4487; x_wconf 89' lang='lat' dir='ltr'>singularum</span> <span class='ocrx_word' id='word_1_285' title='bbox 1113 4384 1363 4470; x_wconf 86' lang='lat' dir='ltr'>consideres,</span> <span class='ocrx_word' id='word_1_286' title='bbox 1352 4411 1520 4460; x_wconf 78' lang='lat' dir='ltr'>invenies</span> <span class='ocrx_word' id='word_1_287' title='bbox 1529 4384 1754 4485; x_wconf 89' lang='lat' dir='ltr'>plerumque</span> <span class='ocrx_word' id='word_1_288' title='bbox 1767 4380 1919 4459; x_wconf 86' lang='lat' dir='ltr'>tubulus</span> <span class='ocrx_word' id='word_1_289' title='bbox 2026 4460 2031 4468; x_wconf 65' lang='grc'>,</span> 
     </span>
     <span class='ocr_line' id='line_1_34' title="bbox 165 4502 1923 4607; baseline -0.005 -27"><span class='ocrx_word' id='word_1_290' title='bbox 165 4519 230 4581; x_wconf 88' lang='lat' dir='ltr'>aut</span> <span class='ocrx_word' id='word_1_291' title='bbox 254 4503 425 4607; x_wconf 82' lang='lat' dir='ltr'>perfecte</span> <span class='ocrx_word' id='word_1_292' title='bbox 452 4518 590 4580; x_wconf 88' lang='lat' dir='ltr'>teretes</span> <span class='ocrx_word' id='word_1_293' title='bbox 611 4519 678 4580; x_wconf 89' lang='lat' dir='ltr'>aut</span> <span class='ocrx_word' id='word_1_294' title='bbox 697 4507 1017 4607; x_wconf 89' lang='lat' dir='ltr'>subcompressos,</span> <span class='ocrx_word' id='word_1_295' title='bbox 1051 4505 1143 4579; x_wconf 90' lang='lat' dir='ltr'>alias</span> <span class='ocrx_word' id='word_1_296' title='bbox 1164 4529 1253 4580; x_wconf 91' lang='lat' dir='ltr'>vero</span> <span class='ocrx_word' id='word_1_297' title='bbox 1272 4504 1421 4578; x_wconf 88' lang='lat' dir='ltr'>tri-ant</span> <span class='ocrx_word' id='word_1_298' title='bbox 1441 4502 1725 4606; x_wconf 88' lang='lat' dir='ltr'>quadrilateros.</span> <span class='ocrx_word' id='word_1_299' title='bbox 1779 4502 1923 4573; x_wconf 89' lang='lat' dir='ltr'>Lumen</span> 
     </span>
     <span class='ocr_line' id='line_1_35' title="bbox 162 4616 1922 4727; baseline -0.005 -27"><span class='ocrx_word' id='word_1_300' title='bbox 162 4624 291 4700; x_wconf 86' lang='lat' dir='ltr'>tubuli</span> <span class='ocrx_word' id='word_1_301' title='bbox 304 4624 450 4726; x_wconf 89' lang='lat' dir='ltr'>optime</span> <span class='ocrx_word' id='word_1_302' title='bbox 462 4625 704 4727; x_wconf 90' lang='lat' dir='ltr'>conspicitur,</span> <span class='ocrx_word' id='word_1_303' title='bbox 720 4625 784 4699; x_wconf 93' lang='lat' dir='ltr'>ubi</span> <span class='ocrx_word' id='word_1_304' title='bbox 799 4624 917 4700; x_wconf 83' lang='lat' dir='ltr'>fibrae</span> <span class='ocrx_word' id='word_1_305' title='bbox 930 4625 976 4698; x_wconf 91' lang='lat' dir='ltr'>ad</span> <span class='ocrx_word' id='word_1_306' title='bbox 989 4624 1259 4725; x_wconf 90' lang='lat' dir='ltr'>epidermidem</span> <span class='ocrx_word' id='word_1_307' title='bbox 1273 4622 1495 4698; x_wconf 90' lang='lat' dir='ltr'>substratam</span> <span class='ocrx_word' id='word_1_308' title='bbox 1508 4619 1834 4724; x_wconf 89' lang='lat' dir='ltr'>perpendiculares</span> <span class='ocrx_word' id='word_1_309' title='bbox 1851 4616 1922 4694; x_wconf 89' lang='lat' dir='ltr'>sub</span> 
     </span>
     <span class='ocr_line' id='line_1_36' title="bbox 164 4737 1927 4844; baseline -0.003 -27"><span class='ocrx_word' id='word_1_310' title='bbox 164 4742 418 4844; x_wconf 90' lang='lat' dir='ltr'>microscopio</span> <span class='ocrx_word' id='word_1_311' title='bbox 436 4741 598 4843; x_wconf 90' lang='lat' dir='ltr'>desuper</span> <span class='ocrx_word' id='word_1_312' title='bbox 610 4744 793 4833; x_wconf 89' lang='lat' dir='ltr'>visuntur,</span> <span class='ocrx_word' id='word_1_313' title='bbox 820 4744 922 4844; x_wconf 91' lang='lat' dir='ltr'>qnod</span> <span class='ocrx_word' id='word_1_314' title='bbox 934 4744 975 4818; x_wconf 91' lang='lat' dir='ltr'>in</span> <span class='ocrx_word' id='word_1_315' title='bbox 988 4743 1266 4818; x_wconf 87' lang='lat' dir='ltr'>columnaribus</span> <span class='ocrx_word' id='word_1_316' title='bbox 1287 4760 1326 4818; x_wconf 90' lang='lat' dir='ltr'>et</span> <span class='ocrx_word' id='word_1_317' title='bbox 1339 4743 1565 4844; x_wconf 88' lang='lat' dir='ltr'>prismaticis</span> <span class='ocrx_word' id='word_1_318' title='bbox 1579 4743 1722 4844; x_wconf 91' lang='lat' dir='ltr'>optime</span> <span class='ocrx_word' id='word_1_319' title='bbox 1737 4737 1927 4814; x_wconf 78' lang='lat' dir='ltr'>succedit.</span> 
     </span>
    </p>
   </div>
   <div class='ocr_carea' id='block_1_3' title="bbox 167 4857 1922 5044">
    <p class='ocr_par' dir='ltr' id='par_1_10' title="bbox 167 4857 1922 5044">
     <span class='ocr_line' id='line_1_37' title="bbox 167 4857 1922 5044; baseline -0.002 -109"><span class='ocrx_word' id='word_1_320' title='bbox 167 4861 294 4937; x_wconf 79' lang='lat' dir='ltr'>Etiam</span> <span class='ocrx_word' id='word_1_321' title='bbox 317 4862 357 4936; x_wconf 88' lang='lat' dir='ltr'>iu</span> <span class='ocrx_word' id='word_1_322' title='bbox 376 4861 763 4939; x_wconf 83' lang='lat' dir='ltr'>retinaculifurmibns</span> <span class='ocrx_word' id='word_1_323' title='bbox 789 4878 914 4964; x_wconf 85' lang='lat' dir='ltr'>partes</span> <span class='ocrx_word' id='word_1_324' title='bbox 933 4862 1108 4939; x_wconf 88' lang='lat' dir='ltr'>laterales</span> <span class='ocrx_word' id='word_1_325' title='bbox 1131 4886 1226 4963; x_wconf 89' lang='lat' dir='ltr'>quae</span> <span class='ocrx_word' id='word_1_326' title='bbox 1241 4863 1287 5044; x_wconf 61' lang='lat' dir='ltr'>ap</span> <span class='ocrx_word' id='word_1_327' title='bbox 1297 4862 1462 5012; x_wconf 85' lang='lat' dir='ltr'>parietes</span> <span class='ocrx_word' id='word_1_328' title='bbox 1477 4860 1699 4934; x_wconf 89' lang='lat' dir='ltr'>cellularum</span> <span class='ocrx_word' id='word_1_329' title='bbox 1716 4857 1922 4933; x_wconf 82' lang='lat' dir='ltr'>decurrunt</span> 
     </span>
    </p>
   </div>
   <div class='ocr_carea' id='block_1_4' title="bbox 0 0 2161 5520">
    <p class='ocr_par' dir='ltr' id='par_1_11' title="bbox 0 0 2161 5520">
     <span class='ocr_line' id='line_1_38' title="bbox 0 0 2161 5520; baseline 0 0"><span class='ocrx_word' id='word_1_330' title='bbox 0 0 2161 5520; x_wconf 95' lang='lat' dir='ltr'> </span> 
     </span>
    </p>
   </div>
  </div>
 </body>
</html>
