4306 5520
900 437 1234 508 ..12-

193 639 384 717 internum
411 635 573 741 spatium
597 634 724 714 tubuli
752 634 921 740 quamvis
941 632 1064 773 vaus
1086 632 1263 711 distincte
1283 631 1535 709 manifestant.
1588 634 1693 709 Dum
1714 632 1959 714 brevissimae

196 775 284 836 sunt
297 760 423 847 librae,
440 782 553 860 poros
567 772 712 833 tantum
730 757 870 858 absque
884 754 1092 858 partetibus
1106 752 1320 856 conspicuis
1336 766 1573 854 praesentare
1586 752 1772 832 videntur.
1827 757 1959 833 Posset

195 880 347 982 quidem
366 878 504 978 objici,
549 876 663 953 etiam
683 876 794 951 fibras
815 875 985 978 perfecte
1008 872 1146 948 solidas
1167 871 1397 947 substantiae
1419 870 1593 974 hyalinae
1613 873 1769 949 eandem
1791 873 1958 977 speciem

195 1000 417 1081 tubulorum
436 997 574 1073 offerre
595 1020 723 1097 posse,
752 995 818 1071 sed
837 995 1024 1098 inspectio
1044 991 1257 1068 immediata
1272 993 1442 1094 quemvis
1456 992 1503 1068 de
1517 993 1706 1069 contrario
1721 993 1881 1069 edocere
1894 1021 1962 1071 va.-

194 1118 309 1209 lebit,
344 1134 459 1218 atque
479 1116 596 1217 magis
614 1114 736 1191 adbuc
756 1115 1003 1217 comparebit,
1026 1114 1137 1189 fibras
1160 1111 1307 1188 interne
1320 1137 1428 1188 cavas
1444 1139 1526 1190 esse
1540 1129 1579 1190 ct
1592 1139 1720 1191 revera
1731 1111 1887 1189 tubulos
1900 1138 1962 1191 ra-

195 1236 312 1326 lerre,
347 1235 377 1310 si
393 1235 477 1338 quis
492 1235 591 1313 inter
607 1235 764 1312 laminas
778 1234 916 1313 vitreas
928 1233 1163 1335 comprimat,
1184 1231 1250 1307 ubi
1266 1231 1463 1310 confestim
1477 1232 1655 1310 tubulosa
1669 1258 1867 1335 compages
1882 1232 1963 1309 dis·

67 1448 77 1467 .
192 1371 303 1461 paret
324 1355 530 1458 parietibus
554 1355 775 1432 seinvicem
795 1355 1121 1456 contingentibus,
1146 1373 1244 1455 quae
1256 1350 1344 1429 dein
1357 1351 1552 1455 pressione
1563 1353 1686 1430 laxata
1701 1353 1838 1429 iterum
1849 1352 1961 1431 reati-

194 1475 328 1552 tuitur.
381 1475 483 1550 Alias
509 1475 622 1550 etiam
641 1475 813 1550 bullulae
835 1474 929 1549 atris
949 1474 1103 1550 tubulos
1124 1471 1321 1548 manifeste
1342 1487 1545 1575 occupant,
1574 1500 1669 1576 quae
1683 1472 1840 1549 diutiori
1854 1498 1959 1551 mora

194 1594 267 1671 sub
283 1621 379 1699 aqua
402 1594 601 1697 paullatim
622 1595 826 1697 disparent.
863 1595 990 1669 Etiam
1006 1592 1210 1669 discrimen
1224 1590 1323 1669 inter
1337 1593 1449 1670 fibras
1464 1592 1668 1671 exsiccatas
1681 1607 1721 1670 et
1734 1590 1959 1668 madelactas

193 1713 409 1790 tubulosam
429 1739 557 1789 earum
578 1712 734 1789 formam
755 1714 963 1791 clarissime
979 1714 1229 1801 demonstrat;
1262 1714 1407 1788 namin
1428 1713 1548 1817 priori
1569 1728 1667 1790 statu
1681 1713 1766 1788 filos
1781 1737 1961 1815 praesen-

194 1847 279 1910 tant
297 1833 479 1911 obscuros
495 1833 723 1936 inaequales,
736 1833 943 1937 parietibus
959 1833 1139 1935 collapsis
1154 1846 1194 1909 et
1209 1831 1461 1911 diversimode
1473 1833 1758 1936 approximatis,
1773 1830 1815 1908 in
1829 1847 1961 1935 poste·

192 1953 288 2030 riori
311 1977 403 2029 vero
421 1952 719 2032 intumescentes
732 1969 771 2032 et
784 1953 928 2033 evoluti
942 1967 1101 2031 teretem
1116 1950 1275 2035 sormam
1288 1968 1328 2030 et
1339 1952 1554 2053 tubulosam
1568 1966 1805 2057 recuperant.

320 2071 517 2149 Fibrarum
533 2074 658 2149 tubuli
680 2075 719 2149 in
734 2074 952 2149 alterutram
967 2071 1140 2175 paginam
1155 2070 1381 2160 endothecii,
1405 2071 1615 2148 Iocularem
1628 2086 1693 2147 aut
1707 2069 1961 2174 epidermida-

164 2246 168 2259 ·
194 2191 517 2303 lem'plerumque
536 2208 668 2295 patere
683 2193 878 2284 videntnr3
917 2195 1007 2268 dum
1027 2192 1122 2269 recti
1144 2189 1345 2291 parietalas
1366 2208 1471 2282 sunt,
1497 2192 1540 2267 in
1559 2205 1776 2291 utramque,
1795 2191 1888 2267 dum
1902 2217 1960 2267 ar-

195 2310 297 2388 cuati
317 2296 383 2386 a'ut
402 2312 743 2391 retinaculiformea
763 2312 804 2389 in
824 2312 1132 2421 epidermidalem
1150 2324 1313 2399 tantum,
1347 2308 1420 2386 nisi
1438 2310 1539 2387 acuti
1554 2309 1745 2386 finiantur.
1797 2314 1902 2387 Dum
1918 2309 1961 2388 in

192 2429 426 2507 membranas
454 2448 520 2507 aut
545 2435 705 2510 reticula
730 2446 946 2521 transeunt,
972 2431 1202 2530 etiamtunc
1222 2429 1389 2506 cuticula
1410 2429 1557 2532 duplici
1571 2443 1744 2506 constare
1765 2428 1955 2507 videntur.

173 2536 185 2599 ·’
241 2551 437 2629 embranae
458 2551 633 2653 hyalinae
653 2552 790 2655 quibus
810 2551 1057 2628 efformantur
1074 2551 1112 2628 ri
1133 2550 1333 2625 admodum
1354 2548 1632 2652 hygroscopica
1650 2548 1855 2625 instructae
1875 2574 1959 2626 esse

219 2669 390 2761 adeatur,
423 2686 462 2747 et
479 2673 561 2749 iere
578 2671 747 2775 ejusdam
768 2687 924 2748 naturae
942 2698 1028 2749 cum
1050 2668 1227 2747 vesiculis
1242 2669 1511 2772 pollinaribus,
1531 2668 1731 2770 quaedum
1745 2667 1958 2747 exsiccatae
1973 2772 1976 2777 ³

191 2790 458 2882 collabuntur,
511 2817 607 2895 aqua
643 2793 812 2869 imbutae
846 2793 982 2867 iterum
1016 2792 1283 2867 intumescunt.
1356 2789 1454 2866 Hinc
1488 2789 1603 2865 etiam
1631 2786 1810 2865 antherae
1835 2788 1959 2866 exsic-

71 2923 84 2941 '
192 2910 342 2987 catione
357 2925 582 3000 contractae,
603 2938 720 3013 aquae
730 2912 881 3013 tepidae
894 2912 1118 3000 submersae,
1132 2909 1249 2985 autin
1262 2908 1340 2984 oris
1352 2935 1446 2986 cavo
1460 2909 1590 3012 aliquo
1603 2923 1775 3010 tempore
1787 2933 1958 2987 commo-

193 3045 313 3118 ratae,
352 3055 442 3143 qu
461 3028 656 3107 multoties
681 3030 874 3107 volumine
893 3056 963 3106 suo
985 3043 1223 3118 excrescunt,
1259 3028 1361 3130 quod
1386 3029 1607 3131 praesertim
1629 3029 1731 3106 salet
1751 3028 1815 3105 ubi
1839 3029 1956 3106 fibrae

194 3165 282 3225 sunt
308 3149 604 3254 lanquentiores,
650 3149 773 3225 minus
802 3148 866 3224 ubi
887 3150 1058 3226 rariores.
1112 3147 1254 3224 Similis
1280 3146 1523 3249 aliquomodo
1549 3148 1686 3225 relatio
1708 3163 1751 3223 ut
1770 3149 1870 3224 inter
1890 3174 1960 3224 an·

54 3284 57 3291 '
192 3265 320 3359 theras
351 3294 446 3370 aqua
472 3269 633 3345 imbutas
661 3268 944 3356 etexsiccatas,
984 3269 1132 3345 obtinet
1156 3268 1257 3343 inter
1281 3281 1417 3349 statum
1445 3292 1573 3344 aarum
1601 3269 1841 3344 immaturum
1868 3282 1960 3344 ante

192 3378 297 3469 floris
324 3387 531 3490 plenariam
554 3389 810 3465 evolutionem
832 3403 946 3489 atque
967 3404 1103 3463 statum
1126 3403 1331 3476 maturum,
1369 3387 1458 3464 dum
1480 3388 1520 3463 in
1541 3413 1589 3487 eo
1616 3403 1721 3477 sunt,
1760 3403 1805 3463 trt
1822 3387 1958 3488 explo-

193 3505 301 3581 sioae
341 3508 526 3608 pollinem
567 3509 806 3611 dispergantt
851 3508 957 3609 prins
995 3506 1155 3607 majores
1191 3524 1230 3584 et
1265 3508 1388 3584 succis
1420 3506 1539 3607 magis
1573 3506 1740 3582 imbutae
1775 3520 1960 3608 apparent

192 3623 381 3726 posterius
403 3627 565 3702 minores
581 3641 620 3703 et
633 3626 738 3727 quasi
754 3626 1006 3703 exsiccatione
1024 3643 1257 3708 contractaes
1284 3626 1389 3727 prius
1409 3626 1525 3701 etiam
1537 3624 1652 3702 librae
1665 3627 1892 3703 cellularum
1903 3622 1960 3699 ob

193 3758 332 3820 statum
353 3745 568 3821 molliorem
588 3761 630 3822 et
641 3744 718 3821 lora
734 3746 787 3823 db
800 3770 953 3827 succum
970 3746 1008 3821 in
1024 3773 1151 3822 earum
1167 3746 1312 3823 tubulis
1327 3759 1548 3823 contentum
1561 3745 1668 3848 quasi
1682 3744 1759 3823 tela
1772 3741 1957 3848 quaedam
2076 3766 2086 3791 ‘

192 3861 372 3964 amorpha
398 3863 462 3939 vix
484 3863 769 3966 distinguendae
789 3881 892 3955 sunt,
919 3866 1039 3941 donec
1057 3882 1123 3941 aot
1143 3865 1395 3943 exsiccatione
1414 3879 1479 3940 aut
1500 3878 1678 3966 processu
1699 3865 1860 3967 quodam
1880 3861 1955 3963 lig-

192 3982 369 4058 nisscante
396 3983 579 4084 majorem
603 3984 817 4061 firmitatem
845 3986 1042 4091 acquirant
1067 3999 1107 4061 et
1128 3985 1168 4059 in
1190 3986 1344 4077 tubulos
1371 3984 1635 4075 efformentur,
1675 4009 1752 4085 quo
1773 4006 1955 4083 processu

191 4116 326 4204 agente
345 4127 473 4177 earum
494 4118 596 4179 certe
617 4105 731 4181 etiam
751 4102 851 4179 actio
872 4119 937 4178 aut
953 4103 1101 4180 functio
1114 4103 1245 4194 intrat,
1275 4131 1348 4209 qua
1362 4104 1481 4181 loculi
1494 4106 1797 4206 disrumpuntur,
1824 4101 1958 4179 etval-

191 4219 290 4295 vulis
309 4218 591 4297 dehiscentibus
609 4224 741 4325 pollen
758 4223 948 4298 emittunt.
1329 4256 1333 4281 -·

317 4339 454 4417 Modus
469 4356 686 4443 aperturae,
709 4339 871 4416 directio
885 4358 1009 4417 motus
1023 4358 1136 4445 atque
1150 4345 1208 4421 vis
1221 4344 1461 4446 expansionis
1480 4358 1585 4420 certe
1600 4340 1826 4419 cellularum
1839 4340 1954 4415 fibra·

190 4485 350 4562 rumque
374 4459 512 4550 forma,
542 4459 772 4561 frequentia,
798 4460 1073 4562 magnitudine,
1103 4464 1178 4538 situ
1199 4481 1239 4540 et
1257 4463 1508 4565 dispositione
1524 4463 1624 4539 inter
1643 4489 1682 4539 se
1703 4459 1802 4538 et-ad
1822 4459 1954 4535 valvu-

188 4579 310 4655 larum
338 4579 540 4681 margines,
579 4578 692 4656 etiam
714 4604 842 4655 earnm
866 4580 1073 4663 variatione
1097 4581 1139 4657 in
1163 4583 1321 4658 diversis
1346 4583 1518 4660 valvulae
1538 4582 1753 4684 regionibus
1776 4578 1957 4655 determi-·

190 4713 313 4789 natur,
330 4700 377 4776 de
393 4697 529 4799 quibus
543 4697 717 4773 omnibus
732 4697 1013 4776 observationes
1027 4700 1067 4775 in
1081 4699 1166 4776 riva
1181 4719 1313 4778 natura
1327 4702 1564 4781 acutissimae
1578 4700 1832 4778 instituendae
1847 4711 1949 4774 sunt.

186 4817 325 4897 Nostra
346 4815 561 4920 disquisitio
581 4815 840 4919 phytotomica
861 4823 909 4899 de
929 4819 989 4899 bia
1010 4822 1271 4901 tantummodo
1286 4821 1533 4928 hypothetice
1548 4823 1731 4900 disserere
1743 4815 1946 4921 permittit.

928 4974 969 5051 ι’]
