4306 5520
1002 370 1084 441 ⁴-
1160 408 1229 458 vm
1306 427 1356 445 -

683 502 688 511 .
774 476 1351 527 .,...,.-.-.-..ι,-,ι..,η...-
1432 494 1565 511 ...-.·...

319 600 406 661 ante
425 586 559 662 oculos
575 588 762 666 lectorum
775 614 973 695 ponerem,
1000 587 1137 666 deinde
1152 591 1307 679 classes,
1335 587 1538 667 affinitates
1553 603 1593 665 et
1606 585 1823 665 discrimina
1837 586 1987 679 ordine,
2013 586 2081 692 qui

317 744 402 797 nea
420 721 603 825 opinione
623 727 784 803 maxime
803 725 1040 816 conveniret,
1073 726 1270 803 definirem
1291 732 1331 804 et
1353 725 1616 803 describerem.
1670 726 1736 803 Me
1755 725 1795 801 in
1813 724 1934 829 priori
1954 722 2081 827 operis

318 874 445 961 parte:
479 860 735 966 Conspectum
755 865 862 966 regni
882 862 1102 966 vegetabilis
1123 890 1246 966 nuper
1266 889 1286 939 a
1306 858 1610 939 Reichenbachio
1632 860 1777 937 editum
1791 885 1959 937 normam
1973 859 2080 963 quasi

318 992 578 1097 dispositionis
605 999 757 1077 iconum
784 1016 986 1106 sequutum
1013 1025 1112 1088 esse,
1147 1000 1188 1074 in
1208 998 1360 1077 leudem
1387 994 1515 1100 potius
1542 1023 1654 1101 quam
1674 1001 1715 1073 in
1741 996 1972 1100 vituperium
1989 1010 2102 1074 con·'

198 1226 203 1235 ι
317 1132 533 1227 γενειιιιῑίτὶ
552 1148 629 1211 non
646 1137 793 1212 dubito.

449 1269 577 1365 Quum
598 1271 661 1347 vix
680 1273 761 1350 fieri
785 1288 962 1377 nequeat,
991 1286 1032 1346 ut
1045 1271 1264 1375 quicunque
1277 1271 1325 1348 de
1339 1268 1577 1346 antherarum
1594 1283 1781 1346 structura
1795 1268 2080 1373 disquisitiones

224 1504 229 1509 Ι
319 1403 539 1496 instituens,
571 1407 729 1512 pollinis
754 1408 867 1486 simul
885 1408 1042 1501 formas,
1076 1407 1238 1485 maxime
1258 1406 1397 1496 varias,
1437 1432 1586 1509 semper
1607 1404 1678 1480 sibi
1701 1403 1831 1481 obvias
1846 1404 2079 1495 nonhabeat,

100 1628 104 1635 ¹
156 1538 190 1617 fi
318 1536 418 1616 haud
438 1540 503 1619 abs
523 1569 564 1620 re
584 1543 692 1634 duxi,
725 1542 839 1623 etiam
858 1543 990 1623 harum
1010 1544 1192 1647 imagines
1206 1544 1315 1647 qussi
1331 1568 1402 1646 per
1412 1557 1651 1649 transennam
1665 1540 1907 1619 delineandas
1919 1568 2079 1633 curasse,

0 1664 6 1887 n
317 1687 586 1782 et'conspectu
607 1679 889 1784 lithographico
911 1681 973 1758 ubi
995 1681 1104 1759 locus
1124 1696 1205 1758 erat
1219 1680 1420 1783 adjecisse,
1444 1704 1666 1783 persuasus,
1692 1676 1790 1757 nihil
1805 1679 2080 1783 qualecumque

0 1898 1 1905 ἵ
318 1813 384 1902 sit,
412 1839 494 1891 esse
512 1815 780 1909 omittendum,
808 1817 910 1923 quod
933 1817 979 1893 ad
999 1818 1294 1896 construendum
1306 1816 1523 1893 omnimode
1536 1829 1699 1917 systema
1714 1814 1884 1893 naturale
1898 1816 2026 1919 copias
2042 1831 2082 1893 et

5 1924 6 1971 ³
316 1948 512 2028 materiem
539 1954 787 2057 suppeditare.-
806 1968 932 2057 queat.
984 1954 1146 2033 Gratum
1169 1955 1285 2035 etiam
1304 1951 1581 2057 spectatoribus
1600 1951 1684 2029 lore
1703 1974 1831 2054 spero,
1868 1978 2081 2031 mensurans

3 1976 7 2177 i
316 2110 556 2167 communem
574 2090 750 2169 omnibus
767 2116 867 2196 quae
885 2106 1215 2201 repraesentantur
1231 2090 1422 2196 liguris-ad
1436 2092 1535 2168 latus
1549 2086 1718 2190 cujusvis
1731 2087 1900 2180 tabulae,
1925 2088 2081 2169 lineolis

31 2332 34 2337 Ι
247 2184 518 2324 *signatam
558 2252 656 2330 quae
678 2228 945 2333 sexagesimam
971 2245 1118 2333 partem
1143 2230 1271 2309 lineae
1296 2224 1514 2332 parisiensis
1537 2224 1756 2330 exprimunt
1774 2224 1958 2328 adjectam
1980 2253 2080 2316 esses

0 2410 2 2520 p
48 2362 55 2373 '
317 2361 371 2436 ita
385 2361 499 2443 facile
509 2364 650 2456 lector,
668 2365 743 2469 ,qui
757 2364 1095 2471 inmicroscopiois
1106 2362 1435 2445 observationibus
1448 2377 1617 2443 seramus
1630 2377 1706 2454 est,
1730 2362 1773 2440 iu
1787 2390 1868 2443 rem
1881 2363 2081 2443 inducetur

317 2499 425 2600 quasi
444 2499 656 2604 ipsissimus
673 2503 797 2581 oeulis
820 2520 1009 2610 spectaret
1025 2503 1197 2595 ermetis3
1222 2500 1463 2581 commodum
1475 2501 1592 2581 etiam
1604 2515 1799 2592 cesteest,
1825 2501 2079 2581 dimensiones

316 2633 553 2737 singulorum
573 2640 864 2743 comparativus,
894 2641 936 2721 iu
948 2641 1227 2747 exemplaribus
1243 2638 1480 2719 naturalibus
1497 2638 1653 2718 omuino
1664 2638 1746 2718 iere
1762 2638 1974 2742 specificas,
2002 2665 2079 2716 uuo

317 2772 427 2875 quasi
447 2772 586 2855 obtutu
607 2776 807 2883 percipere
827 2790 868 2857 et
886 2778 1074 2880 judicare..

445 2910 664 2990 Saevissimi
679 2915 845 3018 denique
857 2913 977 2993 oificii
988 2916 1105 3006 duco,
1131 2910 1360 2993 virisdoctis
1374 2927 1414 2990 et
1427 2908 1633 3001 nobilibus,
1659 2909 1819 3013 collegis
1833 2935 1922 2989 vere
1936 2908 2079 2998 amieis,

318 3041 389 3137 Cb.
406 3046 449 3122 L.
463 3048 671 3129 Trevirsno
682 3066 723 3130 et
734 3048 977 3140 Henscbelio,
990 3049 1246 3154 gratissimum
1258 3047 1427 3126 animum
1440 3046 1481 3125 in
1493 3045 1567 3124 boc
1585 3046 1675 3125 loco
1686 3045 1844 3152 publico
1856 3046 2078 3150 siguificare,

11 3212 13 3317 p
318 3204 481 3281 quorum
497 3186 603 3287 prior
620 3187 768 3291 plantas
788 3187 902 3267 etiem
923 3184 1245 3265 rarissimushorti
1266 3185 1385 3263 nostri
1405 3183 1611 3265 academici
1624 3182 1754 3263 usibus
1768 3182 1863 3262 rucis
1877 3182 2077 3287 praestitit,

181 3302 221 3415 d
310 3317 420 3465 plteq
436 3343 525 3397 raro
543 3324 716 3405 consiliis
734 3341 775 3404 et
796 3322 1040 3432 supellectile
1052 3322 1237 3401 litteraria
1254 3348 1316 3400 me
1329 3319 1556 3401 amicissime
1563 3319 1726 3424 adjuvit.
