4306 5520
626 1236 684 1263 ··
826 1242 1167 1355 caron
1223 1180 1266 1351 r.

157 1484 160 1489 ⁸
220 1505 287 1595 De
310 1503 492 1593 notione
516 1498 769 1591 cellularum
787 1499 1116 1635 fibrosarumin
1137 1498 1328 1586 antberis
1348 1502 1599 1621 generptim.
1632 1482 1864 1588 Methodus
2070 1518 2106 1623 „2

621 1678 682 1729 ac
748 1648 1063 1766 ,hdagationis
1118 1648 1338 1765 Exempla.

285 1996 441 2107 Loculi
453 2028 711 2118 antberarum,
732 2027 790 2104 uti
804 2043 936 2105 notum
950 2045 1019 2120 est,
1043 2027 1268 2104 membranis
1284 2044 1349 2104 aut
1363 2028 1552 2120 tenuibus,
1579 2045 1645 2106 aut
1660 2030 1923 2107 crassiaseulis

163 2152 464 2239 constituuntur,
498 2147 642 2223 adratis
668 2147 860 2238 antherio,
894 2149 997 2250 quod
1024 2148 1174 2225 stamini
1203 2148 1454 2225 diversimode
1480 2150 1654 2250 junctum
1675 2167 1744 2227 cst.
1798 2151 1924 2229 Mem·

160 2270 295 2347 braum
315 2270 403 2344 illas
424 2267 639 2344 loculorum
654 2267 684 2342 si
701 2267 868 2368 penitius
883 2266 923 2341 in
938 2267 1078 2369 plantis
1092 2264 1377 2369 phanerogamis
1390 2268 1573 2371 inquiras,
1600 2272 1640 2344 in
1656 2286 1830 2371 utraque,
1859 2296 1923 2346 ex-

161 2406 270 2469 terna
287 2405 326 2466 et
347 2390 494 2464 interna
515 2386 662 2489 pagella
682 2385 932 2463 diversimode
951 2386 1199 2462 conformatas
1212 2387 1390 2487 reperies.
1445 2387 1620 2465 Exterior
1632 2416 1768 2490 nempe
1783 2389 1839 2463 nil
1850 2402 1923 2480 est,

161 2506 461 2612 nitiproductio
486 2505 696 2581 communis
724 2504 983 2607 epidermidis,
1025 2532 1122 2608 quae
1142 2507 1236 2615 hic,¹
1263 2506 1304 2580 in
1323 2507 1475 2608 plantae
1496 2508 1706 2599 cacumine,
1746 2525 1862 2611 prout
1881 2508 1922 2583 in

159 2629 322 2732 reliquis
348 2627 451 2704 floris
476 2624 663 2728 partibus,
707 2624 890 2724 majorem
910 2626 1202 2703 teneritudinem
1217 2620 1380 2715 'induit‘
1400 2631 1623 2731 ceteroquin
1644 2626 1922 2704 characteribus

162 2748 352 2852 specificis
381 2772 514 2849 parom
537 2760 604 2821 aut
627 2743 726 2831 nihil
750 2743 896 2833 differt,
939 2743 1057 2820 immo
1082 2746 1195 2822 etiem
1215 2747 1256 2821 in
1273 2746 1533 2848 complurimis
1554 2749 1766 2851 speciebus,
1806 2750 1934 2850 pro*
2082 2778 2085 2783 ·

163 2869 367 2973 epidermis
387 2866 552 2967 reliqua,
581 2863 763 2939 stomatiis
784 2863 1000 2954 instruitur;
1022 2865 1139 2941 altera
1155 2866 1319 2968 pagella,
1347 2892 1442 2969 quae
1456 2868 1632 2969 globulos
1646 2869 1749 2970 ipsos
1763 2865 1922 2972 pollinis

163 2988 370 3065 circumdat
387 3001 427 3062 et
444 2983 624 3073 includit,
655 2983 697 3059 in
713 2983 973 3085 complurimis
994 2985 1134 3089 plantis
1158 3009 1233 3060 uno
1246 2984 1431 3061 formatur
1444 3001 1561 3063 strato
1575 3001 1640 3061 aut
1652 2985 1825 3087 pluribus
1843 2986 1924 3063 oel-

1963 2212 2090 2321 *la

162 3107 328 3183 lularum
346 3104 405 3181 sui
427 3104 591 3206 generis,
628 3127 736 3204 quas,
765 3129 882 3204 quum
901 3104 1005 3180 fibris
1019 3103 1182 3208 propriis
1196 3130 1302 3185 more
1315 3129 1489 3181 vasorum
1506 3105 1702 3208 spiralium
1715 3106 1925 3181 aliorumve

161 3224 416 3303 diversimode
437 3225 613 3299 obtentae
625 3221 718 3311 rint,
744 3221 905 3297 cellulas
918 3223 1074 3299 fibrosas
1087 3224 1308 3315 vocaverim,
1336 3227 1924 3327 quaemembranamautparen·
2042 3312 2045 3317 Ι
2113 3318 2124 3335 ⁴

161 3344 298 3449 chyma
316 3343 504 3432 efficiunt,
537 3339 640 3443 quod
658 3340 699 3413 in
721 3366 764 3415 ea
783 3355 908 3444 parte,
933 3343 1007 3417 -u'bi
1027 3344 1176 3419 loculus
1196 3343 1368 3420 antherio
1388 3347 1567 3437 accrevit,
1599 3347 1640 3423 in
1660 3344 1775 3445 hujus
1790 3364 1935 3453 paen·¹

158 3461 299 3565 chyrnn
318 3488 516 3539 commune
541 3458 772 3536 dissolvitur.
826 3460 953 3537 Etiam
978 3461 1047 3538 illa
1071 3486 1155 3565 pars
1175 3465 1295 3540 loculi
1316 3466 1428 3566 spatii
1450 3467 1606 3554 interni,
1649 3484 1760 3567 qim
1778 3458 1925 3564 raphon

161 3583 374 3685 appellant,
414 3581 548 3655 iisdem
576 3578 728 3655 cellulis
753 3579 901 3656 librosis
924 3581 1184 3671 constituitur,
1227 3583 1273 3656 ad
1293 3584 1498 3685 marginem
1517 3608 1607 3659 vero
1625 3574 1863 3661 valvflarnln
1881 3578 1923 3656 in

161 3700 305 3804 plantis
335 3700 594 3802 complurimis
620 3714 685 3777 aut
710 3699 985 3793 diminuuntur,
1018 3718 1084 3778 aut
1100 3702 1194 3779 adeo
1214 3702 1424 3804 disparent,
1458 3718 1501 3778 ut
1519 3701 1599 3779 fere
1618 3701 1821 3805 epidermis
1841 3698 1923 3776 sola
2087 3700 2091 3707 '

162 3835 365 3896 remaneat.
1505 3838 1508 3843 '
1923 3840 1934 3851 ··

291 3939 329 4013 Si
355 3938 527 4014 loculum
551 3936 729 4014 antherae
750 3938 1011 4017 coniotlrecom
1032 3937 1282 4041 appellaveris
1308 3939 1545 4016 membranae
1571 3938 1835 4042 cpidelmidali
1857 3964 1922 4015 ex·

164 4071 292 4133 ternae
330 4059 549 4147 caeothecii,
599 4057 748 4133 interno
777 4084 867 4135 vero
910 4060 1135 4161 cellularum
1172 4059 1367 4134 contextui
1408 4086 1545 4135 nomen
1584 4060 1799 4137 endotbeer'i
1835 4058 1920 4161 jure
2091 4052 2100 4075 l

164 4173 366 4250 tribuetur.
968 4168 994 4207 '²'
1969 4194 1972 4199 '

290 4295 502 4371 Necessitas
528 4294 709 4370 terminos
738 4293 853 4370 hosce
879 4295 919 4369 in
945 4292 1216 4397 descriptiones
1243 4308 1388 4372 nostras
1411 4294 1613 4373 invehendi
1635 4298 1676 4372 in
1695 4321 1743 4372 eo
1767 4296 1836 4371 sita
1849 4298 1927 4387 ed

163 4412 267 4514 quod
294 4439 398 4516 pars,
442 4415 588 4516 deque
615 4414 737 4515 agitur
763 4414 914 4491 nomine
936 4415 1159 4490 cellularum
1178 4415 1400 4491 fibrosarum
1426 4440 1503 4491 non
1525 4416 1615 4492 satis
1635 4413 1919 4516 circumscripte

163 4530 316 4623 fuisset,
355 4558 475 4636 quum
500 4533 541 4629 ip
563 4535 703 4639 plantis
724 4536 931 4611 numerosis
953 4535 993 4610 in
1014 4534 1159 4609 interna
1179 4534 1299 4611 loculi
1318 4535 1497 4624 antherae
1516 4537 1651 4639 pagina
1666 4535 1919 4636 (endotbecio
2080 4538 2083 4542 ’

162 4661 317 4741 nostro)
339 4653 395 4729 nil
413 4655 527 4753 plane
540 4656 643 4756 quod
654 4655 835 4730 cellolam
847 4679 957 4730 voces
973 4654 1196 4737 invenietur.
1250 4654 1379 4750 Quom
1393 4681 1508 4760 porro
1521 4656 1614 4732 haee
1628 4682 1712 4758 pars
1723 4680 1792 4758 per
1805 4656 1920 4733 series

163 4767 393 4847 familiarum
415 4774 525 4851 valde
545 4775 712 4853 diversos
731 4773 962 4849 characteres
985 4774 1130 4863 induat,
1165 4775 1385 4868 necessitas,
1401 4793 1455 4857 ,ut
1476 4777 1528 4851 ita
1546 4776 1685 4871 dicum,
1716 4775 1841 4878 logica
1858 4772 1919 4851 vel

321 4894 324 4901 '
1209 4906 1230 4955 a
1299 4887 1319 4957 1
