4306 5520
158 673 246 726 vasa
262 645 414 750 spiralia
430 645 547 723 nullis
561 670 644 721 esse
657 643 882 721 membranis
894 643 1059 748 propriis
1074 643 1272 757 insu-octa,
1299 672 1416 750 quum
1429 664 1559 724 contra
1574 648 1736 726 cellulae
1749 647 1921 737 fibrosae,

153 767 230 845 uisi
259 766 418 841 sormam
444 766 556 868 plane
578 764 802 841 cellularum
822 764 1076 868 deposuerint,
1097 764 1292 842 distinctas
1311 767 1544 844 membranas
1561 769 1732 872 proprias
1746 767 1921 844 habeant.

156 891 307 964 Dantur
328 902 454 962 tamen
473 885 515 961 in
533 884 691 987 reliquis
710 886 898 987 partibus,
926 886 1146 987 pracsertim
1168 885 1324 962 innodis
1340 886 1510 978 caulinis,
1524 890 1673 965 vascula
1686 888 1839 990 majoris
1851 912 1921 964 vo·

156 1007 311 1095 luminis
340 1006 387 1081 ad
415 1004 575 1081 cellulas
608 1003 822 1085 anthericus
847 1005 1009 1081 maxime
1037 1007 1280 1097 accedentia,
1325 1022 1367 1082 ut
1396 1032 1471 1082 non
1499 1007 1750 1085 dubitaverim
1776 1007 1921 1109 disqui-

159 1127 338 1205 sitionem
357 1125 512 1221 horum,
535 1123 647 1201 etiam
661 1125 870 1226 cognitioni
885 1124 1040 1200 illorum
1056 1149 1132 1200 nou
1145 1150 1278 1228 parum
1291 1126 1444 1202 luminis
1458 1128 1667 1207 adlaturam
1679 1153 1772 1204 esse.

161 1314 164 1319 ·
284 1277 468 1367 Primum,
497 1278 599 1380 quod
625 1279 666 1354 in
688 1277 839 1354 cellulis
863 1275 1064 1354 anthericis
1086 1277 1397 1355 considerandum
1421 1280 1539 1369 venit,
1567 1304 1695 1354 earum
1714 1238 1833 1355 forriia
1849 1296 1917 1356 est.

157 1401 240 1476 Hoc
263 1413 438 1499 respectu
453 1411 540 1472 sunt
553 1412 620 1473 aut
632 1397 822 1500 regulares
836 1411 901 1471 aut
919 1396 1173 1499 irregulares,'
1193 1414 1258 1473 aut
1275 1399 1388 1502 plane
1402 1411 1676 1476 evanescentes.
1718 1398 1920 1500 Regulares
2047 1436 2055 1449 ·

157 1533 223 1594 aut
244 1516 431 1621 perfectas
452 1531 517 1592 aut
536 1516 775 1622 imperfectas
796 1515 934 1592 formas
952 1518 1132 1595 referunt.
1185 1518 1377 1596 Perfectse
1399 1520 1444 1595 ad
1465 1545 1622 1625 corpora
1638 1519 1922 1595 stereometrica

153 1635 394 1715 ‘reducendae
414 1650 511 1712 sunt.
565 1636 776 1712 Cardinalis
797 1636 949 1738 quidem
971 1635 1100 1727 forma,
1127 1651 1169 1712 ut
1188 1636 1229 1713 in
1248 1639 1409 1742 reliquis
1428 1640 1579 1744 plantae
1601 1637 1763 1727 cellulis,
1786 1634 1921 1741 sphae-

154 1756 284 1835 'roidea
306 1772 373 1847 est,
396 1781 493 1858 quae
508 1771 685 1859 protensa
700 1756 780 1832 abit
792 1756 832 1831 in
847 1756 1108 1857 ellipsoideam
1121 1772 1185 1831 aut
1198 1757 1461 1860 cylindricam,
1477 1778 1516 1838 et
1530 1775 1658 1836 mutua
1671 1757 1865 1860 pressione
1879 1755 1921 1830 in

156 1876 427 1982 prismaticam.
489 1874 664 1953 Cellulae
690 1874 905 1952 anthericae
932 1876 1137 1978 polyedrae
1160 1904 1363 1980 numquam
1382 1879 1476 1956 adeo
1497 1879 1684 1983 perfectas
1703 1878 1839 1979 figuras
1860 1898 1922 1950 re-

156 1996 295 2089 ferunt,
320 2022 432 2100 quam
453 1994 627 2086 cellulae,
645 2020 741 2097 quae
754 1994 794 2069 in
808 1994 941 2071 intimo
953 1994 1246 2098 parencbymate
1259 1997 1363 2086 sitae,
1377 2012 1416 2074 et
1431 1997 1621 2103 aequabili
1635 1992 1803 2097 undique
1815 2018 1922 2096 pres·

158 2119 264 2195 sione
287 2117 505 2194 efformatae
527 2131 630 2205 sunt,
659 2142 775 2216 quum
795 2116 1047 2223 membranam
1069 2131 1214 2191 tantum
1238 2117 1450 2207 obsideant,
1473 2134 1574 2195 etex
1594 2144 1667 2192 una
1682 2128 1788 2217 parte
1803 2110 1921 2202 (facie

158 2234 347 2338 l'oculari)
368 2260 415 2310 ex
435 2232 553 2309 altera
572 2258 662 2310 vero
685 2249 791 2336 parte
812 2234 932 2334 (facie
955 2232 1243 2345 epidermidali)
1267 2263 1341 2311 uno
1353 2252 1499 2311 tantum
1513 2238 1627 2339 plano
1642 2233 1823 2311 continuo
1836 2257 1923 2334 pre·

156 2373 325 2451 mantum
366 2352 456 2428 binc
482 2379 577 2454 quae
606 2354 843 2454 opressione
870 2370 1000 2431 mutua
1024 2368 1082 2430 est
1101 2354 1368 2447 conformatio,
1395 2355 1559 2461 parietes
1582 2370 1730 2431 tantum
1744 2351 1921 2428 laterales

158 2475 412 2553 utriculorum
435 2473 587 2563 attinet,
620 2473 789 2575 adeoque
811 2487 853 2547 ut
874 2473 1080 2578 plurimum
1102 2476 1218 2577 magis
1238 2474 1379 2577 figurae
1395 2475 1680 2579 planimetricae
1702 2484 1917 2549 occurrunt.
1947 2572 1956 2593 Ἰ
1987 2516 1991 2521 -

161 2725 169 2733 ,
287 2645 346 2719 Ex
357 2643 529 2747 cylindro
544 2667 673 2717 omnes
688 2641 768 2720 lere
780 2640 918 2718 formas
931 2643 1094 2747 reliquas
1109 2645 1331 2721 cellularum
1345 2624 1621 2721 anthericarum
1636 2642 1917 2720 derivarelicet.
1927 2600 1956 2689 ’ΐ-

160 2750 352 2868 Cyliuder,
375 2780 441 2840 aut
459 2760 541 2837 basi
560 2761 673 2865 plana
693 2762 853 2865 paginae
874 2763 1116 2865 epidermidis
1130 2765 1299 2862 internae
1320 2763 1475 2856 insidet,
1502 2765 1703 2843 altitudine
1717 2788 1783 2840 sua
1798 2763 1844 2837 ad
1859 2787 1922 2836 ca·

159 2909 249 2975 vum
266 2882 386 2985 loculi
407 2883 569 2971 directa,
603 2897 669 2959 aut
684 2883 803 2959 latere
821 2882 1043 2984 epidermidi
1060 2883 1279 2960 incumbens
1294 2884 1523 2961 considerari
1538 2887 1651 2976 valet,
1666 2884 1730 2960 ubi
1746 2883 1868 2986 vergit
1880 2881 1921 2960 iu
1996 2918 2023 2967 ι

157 3001 297 3077 formas
317 3005 544 3103 vasculosas.
597 3001 767 3078 Priorem
781 3003 994 3104 cylindrum
1009 3017 1179 3092 stantem,
1206 3003 1455 3106 posteriorem
1470 3006 1756 3081 decumbentem
1770 3000 1918 3077 habeas.

161 3121 334 3233 Cylindri
357 3140 515 3213 stantes,
549 3120 638 3196 dum
662 3119 870 3223 parictibus
894 3123 972 3199 suis
994 3125 1132 3197 arctius
1151 3137 1385 3224 premuntur,
1407 3124 1600 3211 abeuntia
1614 3125 1792 3224 prismata
1806 3135 1923 3194 tetra·

159 3266 256 3343 gorra
276 3242 462 3346 usquead
487 3240 698 3342 hexagona,
726 3239 792 3316 ubi
812 3242 956 3344 pressio
978 3241 1144 3317 lateralis
1166 3241 1299 3330 minor,
1322 3257 1388 3316 aut
1400 3241 1514 3342 plane
1527 3239 1732 3318 interstitia
1745 3239 1924 3316 intercal·

159 3360 311 3455 lularia,
335 3362 505 3438 'cellulae
532 3360 767 3436 columnares
789 3358 974 3436 oriuntur.
1030 3359 1225 3461 Ejusmodi
1247 3360 1412 3435 cellulae
1433 3361 1668 3437 columnares
1684 3359 1745 3436 vel
1763 3360 1922 3460 prisma-

161 3479 259 3570 ticae
273 3497 338 3556 aut
351 3496 438 3558 sunt
453 3482 585 3569 elatae,
598 3476 662 3553 ubi
676 3476 840 3553 altitudo
854 3478 1096 3589 latitudinem
1110 3494 1271 3582 superat,
1287 3495 1352 3554 aut
1366 3479 1620 3569 intermediae,
1632 3480 1696 3554 ubi
1706 3491 1922 3580 paressunt,
1944 3534 1946 3539 -

161 3613 228 3687 aut
250 3599 412 3677 humiles
439 3600 501 3674 vel
522 3599 731 3701 depressae,
750 3596 813 3675 ubi
834 3598 996 3676 latitudo
1016 3599 1216 3676 altitudine
1239 3599 1376 3700 major,
1404 3615 1469 3674 aut
1490 3601 1769 3700 complanatae,
1790 3596 1853 3671 ubi
1876 3596 1923 3673 ad

160 3718 338 3795 laminam
357 3719 437 3794 lere
451 3717 624 3793 redactae
638 3733 735 3792 sunt.
791 3716 999 3795 Columnae
1013 3721 1210 3820 depressae
1225 3718 1383 3795 formam
1399 3734 1640 3821 praesentant
1654 3716 1920 3793 orbicularem.

123 3852 130 3865 “’
160 3838 295 3941 Pagina
318 3838 499 3913 locularis
527 3837 691 3914 cellulae
719 3837 945 3913 columnaris
971 3840 1033 3915 vel
1061 3837 1315 3942 prismaticae,
1356 3855 1420 3913 aut
1447 3854 1504 3914 est
1524 3841 1634 3941 plana
1656 3852 1721 3913 aut
1739 3861 1918 3913 convexa.

160 3959 262 4059 Dum
275 3958 492 4036 convexitas
509 3957 647 4034 crescit
660 3955 868 4060 parietibus
885 3958 1199 4045 decrescentibus,
1215 3956 1347 4032 abitio
1362 3956 1670 4061 hemisphaeram,
1686 3956 1921 4046 colliculum,

160 4094 226 4156 aut
244 4104 394 4156 conum.

290 4231 462 4332 Cylindri
491 4228 757 4306 decumbentes
778 4245 842 4303 ant
861 4247 950 4319 sunt
968 4230 1121 4330 integri,
1162 4229 1226 4304 ubi
1249 4256 1296 4310 ex
1317 4230 1421 4305 nulla
1445 4247 1550 4331 parte
1572 4243 1810 4331 premuntur,
1852 4227 1918 4328 qui

159 4351 250 4425 dum
266 4351 477 4452 longissimi
501 4367 597 4440 sunt,
619 4349 777 4425 cellulas
799 4351 1010 4425 vasculosas
1031 4350 1216 4438 referunt,
1245 4364 1403 4424 autnon
1424 4349 1578 4450 integri,
1607 4374 1652 4421 en
1667 4373 1739 4451 uuna
1754 4363 1819 4421 aut
1831 4347 1921 4447 plu·

159 4469 265 4546 ribus
285 4471 453 4572 partibus
476 4498 497 4544 a
517 4470 711 4573 pressione
730 4469 933 4571 applanati.
989 4472 1091 4543 Dum
1114 4495 1160 4544 ex
1180 4485 1286 4571 parte
1306 4484 1452 4542 tantum
1467 4466 1727 4569 epidermidali
1742 4491 1919 4568 premun-

159 4605 235 4676 tur,
259 4589 515 4690 semicylindri
536 4605 632 4678 sunt,
647 4589 712 4691 qui
727 4588 816 4663 dum
831 4588 1050 4692 longissimi,
1067 4588 1226 4663 cellulas
1241 4588 1809 4688 semivasculosaspraesentant;
1827 4584 1917 4658 dum

160 4733 276 4809 porro
309 4710 491 4785 lateribus
527 4711 693 4812 oppressi
721 4711 876 4785 tubulos
914 4709 1227 4811 quadrangulares
1258 4707 1439 4783 efficiunt.
1506 4705 1768 4781 Extremitates
1797 4704 1919 4804 cylin-

161 4825 315 4904 drorum
336 4829 644 4906 decumbentium
665 4845 729 4906 aut
750 4846 838 4906 sunt
856 4828 1108 4905 diversimode
1121 4843 1308 4916 acutatae,
1330 4828 1556 4930 cuspidatae,
1580 4828 1640 4902 vel
1655 4825 1829 4912 obtusae,
1854 4835 1921 4896 aut
