4306 5520
925 459 1288 532 ·-14—

241 660 444 736 uasculosis
468 661 514 734 ad
537 658 680 763 raphen
702 659 875 736 salsulae
899 654 1275 764 perpandicularibus
1304 658 1604 761 circumpositis,
1645 659 1692 735 de
1714 684 1790 761 quo
1810 657 1916 733 facili
1933 685 1998 734 ne·

241 778 346 880 gotio
368 780 648 881 persuasionem
669 779 739 855 tibi
763 778 1053 883 comparaveris,
1094 781 1125 855 si
1148 780 1257 854 filum
1278 779 1513 855 metallicum
1533 781 1572 854 in
1592 777 1729 880 spiram
1745 779 1895 880 longam
1909 802 2000 853 cou-

241 911 384 975 tortum
403 900 674 990 incurvaveris,
709 901 807 977 unde
821 925 949 977 rursus
965 901 1106 977 elatere
1120 924 1189 974 suo
1204 899 1244 973 in
1256 899 1503 977 directionem
1518 898 1752 977 rectilineum
1765 897 1997 973 restituetur.

240 1018 287 1092 In
312 1016 465 1092 cellulis
492 1020 772 1096 columnaribus
794 1036 832 1095 et
853 1020 1098 1121 prismaticia,
1130 1044 1222 1121 quas
1244 1019 1359 1095 librae
1380 1046 1426 1096 ex
1441 1019 1575 1120 pagina
1593 1018 1738 1093 iuterna
1755 1017 2001 1119 epid'ermidis

241 1150 389 1213 erectae
427 1136 695 1237 rigidiusculae
733 1140 1001 1229 circumstant,
1056 1136 1182 1240 apices
1216 1139 1374 1240 paginae
1409 1137 1568 1213 loculari
1598 1138 1825 1212 cellularum
1854 1137 2002 1212 vicinae

241 1255 331 1332 dum
356 1256 506 1330 loculus
537 1258 685 1333 clausus
706 1273 765 1333 est
789 1258 860 1332 sibi
881 1259 997 1360 magis
1016 1257 1326 1360 approximantur
1344 1272 1458 1359 atque
1478 1283 1523 1332 ex
1544 1254 1618 1330 hoo
1639 1254 1713 1329 situ
1735 1254 1942 1331 subcouico
1962 1256 2003 1330 in

242 1375 465 1477 parallelum
501 1378 732 1466 renituntur,
772 1379 837 1479 qui
868 1377 971 1453 nisus
997 1378 1086 1458 dum
1113 1392 1241 1453 sutura
1269 1377 1444 1454 salsulae
1469 1375 1717 1476 disrumpitur
1741 1375 1861 1452 libere
1890 1401 2004 1477 agens

242 1493 414 1569 loculum
435 1497 601 1597 explicat
616 1512 656 1571 et
674 1496 901 1598 complanat.

297 1624 311 1653 '‘
371 1615 458 1690 Vim
485 1641 576 1691 vero
604 1631 770 1691 suturam
797 1615 916 1690 loculi
943 1615 1237 1718 disrumpentem
1254 1614 1447 1718 triplicem
1470 1613 1656 1715 assignare
1680 1612 1785 1691 licet.
1839 1611 2004 1691 Primum

243 1728 396 1832 quidem
417 1735 591 1835 organica
610 1735 922 1838 metamorphosis
943 1736 1103 1812 cellulas
1118 1736 1159 1813 in
1179 1751 1308 1811 sutura
1325 1752 1425 1812 statu
1439 1735 1640 1810 immaturo
1653 1728 1820 1822 coalitus,
1844 1759 2006 1811 marces·

243 1851 367 1926 centia
383 1854 547 1954 quadam
560 1856 707 1931 interna
722 1856 768 1931 ad
782 1853 1058 1957 separationem
1071 1856 1249 1958 disponit,
1267 1855 1582 1959 quemadmodum
1596 1853 1635 1928 iu
1652 1852 1807 1954 petiolis
1822 1853 2011 1931 loliorum·

243 1984 417 2072 tempore
438 1975 643 2050 ahtumuali
657 1976 901 2064 caducorum,
928 1975 969 2050 in
983 1977 1123 2080 sepelis
1139 1976 1310 2064 calicum,
1337 1974 1378 2050 iu
1392 1973 1688 2079 petalisllorum‚
1715 1972 1756 2050 in
1771 1973 2004 2064 staminibus,

238 2088 285 2164 iu
306 2092 511 2195 pericarpii
530 2086 688 2169 salvulis
709 2096 869 2197 aliisque
889 2094 1058 2197 partibus
1079 2096 1277 2171 observare
1297 2093 1400 2170 licet.
1454 2093 1633 2170 Tendunt
1654 2117 1769 2194 porro
1790 2118 1900 2195 grana
1926 2094 2006 2197 ipsa

239 2202 404 2316 pollis*
430 2214 519 2286 dum
548 2228 686 2288 statum
712 2215 939 2290 maturitatis
967 2217 1157 2318 attingunt
1186 2215 1232 2290 ad
1252 2211 1520 2316 expansionem
1538 2211 1773 2315 sphaericam
1793 2238 1837 2289 ac
1858 2215 2008 2317 disrup-

241 2329 408 2419 tionem,
437 2358 532 2433 quae
550 2334 674 2409 tensio
696 2334 907 2409 necessario
928 2337 1165 2412 membranae
1185 2335 1305 2411 loculi
1320 2332 1633 2421 communicatur,
1661 2346 1701 2408 et
1715 2332 1793 2434 agit
1808 2332 2006 2437 iu'partem

240 2447 313 2522 ubi
334 2450 487 2526 minima
505 2452 734 2542 resistentia,
761 2453 1000 2531 id'suturam.
1054 2454 1220 2530 Maxime
1237 2480 1327 2530 raro
1342 2453 1458 2528 librae
1473 2450 1705 2543 endotbeoii,
1734 2450 1838 2554 prius
1854 2453 2007 2555 quidem

248 2567 460 2661 molliores,
486 2571 780 2673 metamorphosi
804 2572 1150 2674 organicochemica
1172 2573 1372 2676 paullatim
1398 2573 1676 2674 obrigescentes
1690 2571 1906 2648 maturitate
1919 2595 2009 2674 pro-

206 2680 229 2689 ”
247 2688 441 2789 gredieute
455 2690 561 2763 illam
574 2690 809 2766 clasticitatis
824 2693 899 2767 vim
916 2694 1125 2795 acquirunt,
1146 2721 1242 2797 quae
1258 2720 1305 2768 ex
1318 2692 1464 2767 iuterna
1478 2691 1555 2791 jam
1569 2716 1697 2767 earum
1710 2680 2011 2768 conformatione

248 2831 293 2881 ac
315 2807 581 2912 dispositione,
611 2810 901 2915 cooperantibus
930 2813 1209 2890 conditionibus
1239 2812 1397 2914 reliquis
1425 2811 1596 2887 loculum
1623 2810 1746 2914 aperit
1766 2809 2008 2912 valvulasquc

250 2926 405 3004 evolvit.
460 2930 623 3005 Externa
644 2930 810 3032 denique
826 2945 1015 3007 momenta
1028 2932 1255 3021 mechanica,
1270 2957 1291 3007 a
1310 2931 1432 3008 ventis
1447 2946 1487 3006 et
1499 2928 1665 3020 insectis,
1683 2942 1797 3032 atque
1811 2930 1906 3006 roris
1921 2929 2010 3034 plu-

252 3045 473 3151 viarumque
492 3049 664 3152 irrigatio
683 3076 748 3124 sua
762 3075 915 3154 quoque
930 3050 1182 3126 contribuant.
1812 3134 1817 3143 ,

380 3168 482 3244 llaec
499 3195 545 3245 ex
567 3168 788 3271 hypothesi,
816 3170 960 3246 viribus
978 3184 1124 3244 tantum
1145 3168 1366 3272 vegetatiiis
1385 3194 1429 3245 ac
1441 3168 1702 3244 communibus
1716 3164 2009 3272 proprietatibus

205 3319 216 3353 ·.
251 3280 423 3389 physicis
442 3288 484 3362 iu
504 3289 685 3364 auxilium
701 3289 900 3392 assumptis
913 3291 1088 3393 exposui,
1114 3289 1208 3392 quin
1223 3290 1475 3368 necessarium
1488 3289 1664 3363 ducerem
1679 3289 1725 3363 ad
1742 3283 2009 3364 irritabilitatis

252 3406 440 3508 quandam
472 3408 789 3485 modificationem
823 3407 1052 3486 recurrendi.
1113 3409 1260 3504 Quodsi
1288 3409 1481 3511 objectum
1505 3408 1606 3483 idem
1631 3405 1761 3481 futuro
1788 3421 1960 3505 tempore
1989 3430 2017 3478 a>

253 3540 409 3604 naturae
437 3528 708 3606 scrutatoribus
734 3527 869 3628 majori
899 3526 1021 3602 adhuc
1048 3552 1136 3602 cura
1167 3545 1208 3605 et
1227 3527 1494 3632 experimentis
1517 3522 1741 3600 omnimodis
1761 3522 2019 3626 indagabitur,

253 3637 331 3742 jam
356 3642 434 3718 fors
459 3648 568 3750 plura
597 3673 693 3751 quae
713 3644 957 3781 hypothetica
978 3647 1122 3749 protuli
1143 3647 1183 3722 in
1201 3649 1399 3724 veritatem
1420 3643 1593 3720 omnibus
1614 3643 1778 3719 numeris
1801 3643 2011 3718 absolutam

254 3766 602 3856 commutabuntur,
649 3767 725 3843 alia
750 3768 840 3844 vero
865 3760 965 3843 iu'ter
991 3782 1203 3844 commenta
1228 3770 1376 3870 relapsa
1400 3764 1526 3840 deleat
1553 3762 1634 3839 dies
1661 3761 1864 3839 dummodo
1883 3759 2011 3835 diviua
2058 3758 2065 3775 '

259 3879 415 3960 scientia
433 3901 710 3987 promereatur.
763 3928 768 3940 ·

599 4232 658 4307 ‘O
