4306 5520
880 394 1217 471 -t-sr

293 588 590 692 blicnoscopium
604 612 681 694 quo
701 603 788 665 utor
801 589 962 693 simplex
981 604 1054 680 est,
1083 589 1201 692 quod,
1231 587 1365 689 utiam
1380 586 1513 693 opinio
1523 588 1773 694 plurimorum
1786 582 1926 675 micro-j

164 707 396 813 graphorum
421 710 538 813 magis
565 736 609 784 ac
628 709 746 810 magis
767 712 988 786 confirmare
1010 710 1161 786 videtur
1178 710 1361 784 machinis
1381 722 1421 786 et
1440 710 1681 812 apparatibus
1700 710 1929 810 plerumque
1954 764 1966 781 ..

165 830 476 932 locupletissimis
498 829 794 933 praeferendum.
848 832 984 905 Lentes
1003 844 1080 905 tres
1102 828 1149 907 ad
1166 827 1422 933 indagationes
1445 853 1574 903 omnes
1594 827 1819 917 sufficiunt,
1833 854 1927 930 qus·

108 974 111 979 ·
165 976 249 1025 rum
271 974 344 1023 uns
364 950 414 1023 sit
433 949 568 1024 localis
585 948 785 1025 distantiae
799 950 954 1025 duarum
969 949 1049 1025 fere
1061 949 1245 1025 linearum
1261 946 1539 1048 parisiensium,
1567 973 1663 1047 quae
1678 947 1724 1021 ad
1736 948 1926 1046 praeviam

167 1067 308 1168 objecti
323 1066 611 1169 inquisitiones!
625 1083 666 1143 et
678 1069 999 1169 praeparationem
1014 1069 1136 1142 dicata
1150 1082 1219 1157 est,
1241 1066 1312 1141 -ubi
1326 1067 1459 1142 oculus
1473 1064 1606 1155 nudus,
1634 1067 1792 1142 autlens
1804 1068 1927 1167 major

165 1211 244 1263 nou
265 1185 500 1275 suffecerint3
533 1189 651 1262 altera
674 1189 725 1265 sit
745 1186 880 1264 localis
903 1187 1102 1262 distantiae
1122 1186 1234 1262 unius
1254 1186 1379 1261 lineae
1398 1182 1614 1286 parisiensis
1634 1199 1698 1259 aut
1711 1184 1926 1285 paullulum

166 1304 279 1394 inira,
309 1305 374 1381 ubi
394 1304 475 1381 lere
496 1305 742 1408 quinquagies
755 1309 938 1382 diametro
954 1307 1145 1406 objectum
1161 1321 1336 1407 augetur3
1368 1305 1462 1383 haec
1474 1304 1675 1381 cardinalis
1687 1319 1760 1393 est,
1788 1319 1827 1379 et
1841 1304 1929 1405 ple-

163 1423 293 1525 risque
314 1424 392 1524 jam
409 1424 735 1502 observationibus
758 1426 957 1513 satisfacit,
987 1427 1100 1502 tertia
1120 1425 1300 1527 denique,
1333 1424 1467 1498 focalia
1489 1422 1689 1499 distantiae
1704 1422 1801 1497 iulrs
1815 1420 1929 1497 dimi-

162 1543 271 1619 dium
286 1545 432 1620 lieneae
443 1546 587 1621 centies
603 1560 668 1621 aut
682 1547 781 1620 ultra
795 1546 988 1646 objectum
1000 1547 1197 1647 adaugens,
1219 1544 1455 1619 solummodo
1473 1540 1519 1617 sd
1535 1540 1766 1618 acutissimas
1779 1540 1928 1643 disqui-

165 1662 323 1740 sitiones
342 1690 377 1739 ν.
399 1690 434 1766 g.
458 1666 505 1740 de
525 1662 691 1766 granfflis
711 1664 966 1752 favillaribus,
993 1664 1178 1739 destinata
1197 1664 1259 1741 sit.
1312 1666 1449 1739 Lentcs
1471 1662 1521 1736 its
1537 1662 1706 1738 inclusae
1719 1662 1795 1737 sint
1810 1675 1853 1736 ut
1866 1661 1929 1737 ist·¹

165 1781 295 1860 leuiori
318 1784 518 1885 superficie
537 1811 635 1885 quae
653 1783 699 1858 sd
719 1784 912 1885 objectum
932 1808 1038 1860 versa
1053 1783 1202 1859 estsere
1215 1784 1384 1883 integrae
1398 1797 1566 1884 pateant,
1595 1806 1671 1883 quo
1687 1782 1847 1856 maxima
1860 1794 1929 1856 cot

166 1902 231 2007 pis
249 1901 404 1979 luminis
425 1902 630 2003 excipitur,
662 1903 828 1979 ocularis
849 1927 942 1979 vero
961 1902 1161 1978 foramello
1176 1918 1355 2006 quantum
1371 1916 1498 2004 potest
1510 1900 1668 1975 minimo
1682 1916 1810 2001 aperta
1824 1900 1930 1979 sitet
1971 1998 1975 2006 ¹

164 2022 218 2098 ita
240 2037 365 2124 aptata
389 2037 432 2096 ut
445 2022 578 2096 oculus
592 2021 754 2097 maxime
767 2023 1017 2125 approximari
1032 2022 1163 2125 possit
1218 2022 1420 2098 Gestatore
1436 2021 1674 2122 objectorum
1689 2035 1777 2094 utor
1790 2019 1930 2095 micro-

164 2158 289 2220 metro
313 2140 475 2217 laminae
501 2140 643 2215 vitreae
666 2140 806 2231 inciso,
849 2167 971 2216 aream
990 2140 1189 2219 efficientis
1214 2141 1324 2215 unius
1347 2141 1469 2217 lineae
1490 2138 1706 2242 parisiensis
1726 2140 1929 2241 quadratae

165 2262 319 2338 lineolis
341 2258 532 2360 sexaginta
552 2261 746 2362 parallelis
766 2261 944 2351 exaratis,
983 2286 1080 2363 quae
1099 2261 1205 2361 prius
1228 2257 1401 2361 graphite
1415 2257 1928 2359 subtilissimodenigrandae

167 2396 271 2472 suut,
312 2396 512 2482 antequam
539 2379 733 2480 objectum
762 2381 911 2483 guttula
944 2407 1064 2482 aquae
1090 2380 1286 2481 irrigatum
1311 2377 1543 2477 imponatur,
1589 2377 1691 2479 quod
1720 2376 1791 2452 nisi
1818 2380 1929 2455 lieret

165 2498 331 2577 lineolae
355 2499 448 2574 alias
477 2499 517 2573 in
538 2511 624 2574 sere
645 2500 740 2576 bene
760 2498 981 2588 distinctae,
1023 2499 1072 2574 ob
1093 2498 1276 2574 minorem
1299 2495 1550 2571 differentiam
1569 2495 1807 2573 refractiouis
1829 2524 1929 2601 quac

168 2618 270 2695 iuter
289 2642 421 2722 aquam
441 2632 481 2693 et
499 2617 639 2693 vitrum
653 2617 817 2708 obtinet,
849 2618 914 2695 rix
932 2618 1217 2720 distinguendae
1236 2617 1373 2693 lorent.

295 2736 500 2839 Objectum
526 2739 760 2831 (membrana
787 2738 1034 2815 coniotbecae
1056 2753 1122 2813 aut
1146 2762 1302 2838 ganum
1323 2736 1507 2840 pollinis)
1528 2760 1647 2839 aquae
1670 2738 1843 2838 guttulae
1859 2756 1941 2841 pa}

171 2854 274 2933 uitus
290 2858 559 2959 submergatur,
576 2873 620 2933 ut
636 2857 811 2948 fundum,
839 2859 903 2934 ubi
920 2859 1084 2935 lineolae
1099 2857 1397 2934 micrometricse
1409 2871 1578 2933 exaratae
1591 2870 1688 2945 sunt,
1704 2860 1856 2959 penitus
1871 2871 1929 2933 at-

165 2976 306 3079 tingat,
345 3000 424 3078 quo
451 2976 669 3078 magnitudo
697 2979 864 3079 partium
885 2980 981 3055 lenti
1003 2977 1254 3079 subjectarum
1274 2975 1349 3051 rite
1370 2975 1576 3052 mensurari
1595 2976 1725 3077 possit
1779 2976 1928 3073 Quodsi

167 3095 377 3172 submersio
399 3120 475 3171 non
493 3097 678 3188 succedit,
704 3096 841 3173 tubulo
861 3099 951 3175 exili
977 3097 1143 3199 augendo
1165 3095 1407 3172 exhauriatur
1425 3096 1573 3197 guttula
1593 3095 1713 3171 donec
1732 3096 1931 3199 objectum·

166 3216 215 3290 ad
233 3214 464 3293 micromctri
486 3215 621 3291 faciem
642 3217 855 3317 perveniat,
883 3232 950 3293 aut
964 3217 1151 3292 interdum
1165 3241 1283 3318 aquae
1298 3215 1452 3317 spiritus
1467 3215 1548 3291 viul
1560 3214 1818 3305 admisceatur,
1869 3215 1928 3291 Ad

167 3334 472 3439 praeparationes
492 3335 657 3436 denique
674 3336 749 3410 rite
770 3334 1017 3411 instituendas
1038 3361 1134 3438 opus
1151 3350 1210 3412 est
1223 3334 1371 3409 bacillis
1384 3335 1531 3437 aliquot
1544 3332 1745 3409 subtilibus
1760 3361 1806 3410 ex
1820 3333 1927 3437 liguo

168 3454 390 3531 duriuscule
415 3468 481 3529 sut
500 3453 707 3529 substantia
728 3478 864 3529 cornea
884 3453 1087 3543 conlectis,
1110 3455 1176 3557 qui
1199 3455 1339 3531 acubus
1360 3454 1575 3531 exilissimis
1590 3452 1794 3553 anglicanis
1805 3453 1928 3531 inba-

165 3574 317 3649 mulum
330 3572 608 3676 aliquantulum
621 3574 766 3650 inflexis
784 3572 959 3648 instructi
974 3573 1065 3662 sint,
1093 3575 1211 3650 alters
1225 3575 1461 3651 extremitate
1474 3596 1544 3672 pro
1556 3574 1661 3645 vario
1676 3586 1928 3649 usa'autacu·
2076 3608 2079 3613 ·

166 3693 308 3767 minata
327 3706 392 3767 aut
413 3692 454 3766 in
475 3691 662 3794 spatulam
681 3689 822 3779 excisa3
855 3716 970 3794 porro
991 3694 1140 3769 cultelli
1161 3692 1424 3797 etlorcipulae
1437 3692 1565 3795 plures
1580 3714 1649 3765 nec
1663 3690 1935 3768 nonlorficuls=

169 3811 216 3891 ad
234 3838 385 3886 manum
402 3810 463 3885 sit.
1085 3904 1088 3909 ⁴
1917 3822 1939 3871 b

293 3930 363 4005 llis
404 3928 649 4016 instructum,
698 3954 795 4032 quae
828 3929 892 4007 vix
927 3931 1052 4033 pretio
1087 3933 1217 4009 decem
1251 3931 1519 4034 imperialium¹
1536 3944 1719 4019 constant,
1753 3929 1924 4033 quemvis

170 4063 323 4124 naturae
348 4063 570 4135 amatorem,
613 4047 726 4122 ctiam
753 4049 877 4125 minus
907 4051 1137 4153 locupletem
1164 4049 1465 4153 indagationibus
1490 4048 1772 4152 microscopicis
1800 4050 1926 4124 minu-

168 4166 334 4261 tissimis,
360 4167 582 4268 praesertim
595 4164 877 4268 phytotomicis,
890 4197 1017 4272 parem
1032 4171 1115 4246 fore
1130 4195 1205 4246 non
1219 4170 1361 4260 dubito,
1382 4186 1420 4245 et
1433 4168 1594 4244 maxime
1606 4168 1819 4269 junioribus
1834 4193 1937 4270 prae»

167 4287 354 4389 farragine
373 4285 556 4361 librorum
575 4287 713 4361 iterum
728 4287 940 4389 iterumque
958 4293 1192 4367 commendo.

294 4408 339 4480 ln
355 4405 636 4508 microscopicis
653 4405 953 4508 indagationibus
968 4408 1090 4509 magni
1106 4425 1164 4484 est
1177 4409 1376 4496 momenti,
1403 4421 1463 4498 ut,
1490 4407 1522 4481 si
1536 4405 1756 4508 complexus
1769 4403 1922 4506 quidam

169 4523 407 4623 objectorum
428 4522 501 4600 sibi
524 4524 692 4600 affinium
711 4527 964 4602 observandus
982 4542 1057 4615 est,
1084 4527 1163 4604 illis
1179 4529 1329 4605 initium
1346 4526 1582 4615 instituatur,
1615 4550 1711 4628 quse
1724 4522 1922 4600 oculorum

169 4644 268 4719 aciei
292 4643 574 4719 distinctissime
603 4660 706 4732 sunt,
746 4646 895 4722 atinde
919 4647 965 4720 ad
984 4647 1107 4720 miuus
1127 4640 1251 4721 facilia
1270 4646 1449 4721 transitus
1469 4647 1536 4719 liat
1555 4646 1674 4720 donec
1693 4642 1921 4719 difficillima

172 4788 343 4866 quaeque
374 4761 523 4863 adgredi
551 4762 751 4839 valeamus.
814 4765 879 4838 llli
907 4766 973 4867 qui
1002 4765 1146 4867 primus
1172 4763 1364 4918 objectpm
1392 4764 1549 4865 inquirit
1576 4763 1761 4839 rarissime
1785 4789 1845 4839 res
1868 4765 1921 4838 its

1267 4880 1286 4947 1
