4306 5520
877 458 1212 531 ...27-

295 665 332 737 6.
386 653 523 751 Quoad
534 653 835 756 magnitudinem
857 680 1057 757 granorum
1072 655 1316 759 pollinarium
1329 658 1530 736 mediocris
1543 656 1721 762 quaedam
1736 680 1919 744 mensura,

166 800 264 878 quae
290 774 474 850 diametro
492 775 682 850 communi
704 774 802 849 circa
823 777 1087 878 sexagesimam
1108 793 1252 878 partem
1271 776 1394 855 lineae
1412 776 1628 882 parisiensis
1648 794 1834 865 versatur,
1861 800 1921 853 re-
2072 820 2076 825 ·

167 894 283 998 liquis
298 896 411 995 longe
426 894 628 996 praevalet.
666 894 774 990 Quae
787 894 900 996 hujus
914 896 992 972 iere
1006 895 1161 971 dimidia
1178 913 1265 973 sunt
1278 899 1443 999 granula,
1469 924 1581 1002 parva
1596 897 1801 985 nominari,
1823 922 1920 999 quae

165 1014 320 1089 dimidia
347 1039 520 1089 mensura
550 1013 751 1102 excedunt,
790 1040 937 1115 magna,
979 1031 1019 1091 et
1043 1015 1221 1118 utrinque
1243 1017 1309 1092 has
1330 1045 1426 1120 quae
1445 1016 1697 1094 mediocribus
1717 1016 1920 1117 quadrante

166 1159 361 1211 mensurae
376 1133 523 1209 minora
536 1147 641 1221 sunt,
668 1132 832 1222 minima,
861 1160 955 1235 quae
968 1160 1011 1209 ea
1025 1160 1196 1210 mensura
1214 1137 1366 1211 dimidia
1383 1153 1422 1213 et
1437 1138 1537 1213 ultra
1553 1152 1744 1238 superant,
1762 1133 1919 1211 maxima

167 1252 368 1356 appellavi.
401 1253 457 1329 Ad
469 1253 628 1327 maxima
642 1252 742 1331 refer
754 1277 865 1354 grana
880 1253 1001 1343 Iridis,
1014 1256 1212 1346 Pancratii,
1227 1258 1509 1347 llemerocallis,
1526 1258 1692 1345 Cannae,
1705 1254 1921 1355 Stachytar·

166 1370 320 1473 plastae,
346 1368 552 1460 Mirabilis,
581 1373 705 1462 Cacti,
732 1371 981 1463 Oenotheraa,
1004 1373 1165 1463 Maleae,
1192 1375 1389 1463 Althaeam
1415 1377 1461 1450 ad
1477 1375 1639 1463 minima,
1666 1399 1777 1477 grana
1791 1376 1921 1476 Myos·

164 1490 281 1567 otidis
299 1508 339 1567 et
357 1491 600 1593 Cynoglossis
634 1490 778 1591 magnis
797 1491 1016 1568 adnumeres
1033 1519 1146 1595 grana
1166 1496 1309 1597 Elymi,
1335 1494 1479 1586 Bromi,
1506 1495 1811 1583 Tradescantiac,
1838 1492 1922 1571 Fri·

164 1611 345 1701 tillariae,
370 1613 551 1713 l'ulipae,
575 1611 768 1689 Armeniae
785 1625 827 1685 et
847 1612 936 1701 alia3
960 1634 1161 1713 parvorum
1181 1615 1345 1719 denique
1364 1616 1534 1719 exempla
1546 1612 1660 1691 habes
1673 1613 1713 1689 iu
1726 1618 1852 1701 Asara,
1878 1611 1921 1686 in

163 1730 385 1821 liubiaceis,
422 1730 463 1807 in
484 1728 657 1818 Linaria,
698 1732 917 1821 Ramondia,
948 1730 1214 1823 Dodecatheo,
1246 1734 1475 1823 Androsace,
1501 1734 1542 1808 in
1562 1734 1735 1836 pluribus
1754 1731 1922 1835 Papilio·

165 1850 290 1927 naceis
309 1866 350 1927 et
367 1850 638 1936 Corniculatis,
674 1848 715 1924 in
732 1850 904 1942 Rumina,
938 1849 1207 1953 Chenopodio,
1239 1854 1398 1944 Ireaine,
1428 1852 1468 1929 in
1489 1854 1663 1955 pluribus
1683 1838 1859 1930 llosaceis
1879 1850 1920 1926 in

164 1967 632 2069 Melalcucisetlllyrteis,
659 1968 699 2044 in
715 1968 965 2054 Cheirantlso‚
992 1972 1152 2061 Beseda,
1179 1973 1394 2074 Aquilegia,
1422 1972 1629 2051 Mahernia.

289 2096 325 2167 7.
379 2091 460 2162 Jam
479 2113 526 2163 ex
544 2085 604 2163 his
624 2087 839 2165 verosimile
858 2087 1025 2176 ridetur,
1055 2089 1350 2189 magnitudinem
1373 2116 1524 2194 quoque
1543 2113 1742 2191 granorum
1758 2090 1921 2192 pollina·

162 2208 276 2297 rium,
302 2208 434 2282 saltem
447 2207 488 2281 in
501 2206 675 2307 plurimis
688 2208 852 2295 casibus,
879 2206 1031 2282 cellulis
1050 2208 1091 2281 in
1104 2207 1426 2309 reliquisplantae
1438 2208 1619 2309 partibus,
1645 2210 1921 2312 quodammodo

163 2327 487 2429 proportionalem
508 2352 607 2413 esse3
642 2325 743 2427 quod
769 2341 895 2401 tamen
917 2352 1048 2427 magna
1074 2352 1161 2401 cum
1181 2325 1329 2401 cautela
1352 2326 1639 2403 enunciandam.
1694 2330 1808 2406 Valet
1827 2329 1921 2406 haec

162 2447 291 2547 regula
311 2447 430 2547 magis
448 2447 567 2519 relate
587 2444 633 2519 ad
653 2446 793 2519 classes
808 2445 988 2547 integras,
1016 2469 1127 2545 quam
1143 2460 1266 2547 utper
1278 2444 1440 2521 familias
1452 2462 1518 2521 aut
1530 2472 1666 2549 genera
1678 2444 1825 2549 singula
1839 2446 1922 2522 vin·

163 2564 282 2641 dicari
303 2562 438 2666 possit.
496 2563 568 2639 Sed
588 2560 682 2638 haec
702 2562 1003 2663 indagationibus
1021 2562 1265 2639 ulterioribus
1279 2565 1453 2641 eruenda.

290 2686 450 2759 Formae
473 2680 706 2785 peculiares,
756 2707 852 2783 quae
877 2696 942 2758 aut
966 2683 1125 2785 singulis
1154 2681 1310 2758 familiia
1336 2684 1514 2788 propriae
1541 2701 1652 2775 aunt,
1693 2700 1759 2761 aut
1786 2685 1917 2789 plures

161 2802 326 2881 familias
344 2802 446 2878 inter
466 2826 507 2877 se
527 2802 713 2876 associant
732 2814 819 2875 sunt
832 2818 1043 2902 sequentes.

288 2932 325 3002 8.
379 2922 507 2997 Grana
526 2920 635 2997 hirta
651 2933 718 2994 aut
735 2918 884 3020 hispida
900 2920 941 2995 in
960 2920 1289 3023 Hydrocharideis,
1331 2920 1550 3024 Capriloliis
1570 2924 1795 3023 (Lonicera)
1818 2924 1920 3001 Con·

161 3040 395 3121 mlrnlaceia
409 3038 766 3141 incompositarum
780 3039 995 3130 Lactuceis,
1023 3040 1213 3141 Tageteis,
1240 3039 1517 3131 Anthemideis,
1545 3044 1698 3133 Inuleia,
1720 3045 1814 3143 (non
1827 3066 1919 3121 vero

162 3164 205 3241 in
216 3160 388 3239 Astcreia
405 3177 447 3237 et
465 3157 688 3235 Centaureis
709 3183 799 3260 quas
820 3158 1021 3260 inquim'vi)
1038 3162 1079 3234 in
1093 3158 1327 3249 cucurbita,
1358 3160 1399 3234 in
1414 3160 1549 3252 cacto,
1576 3170 1615 3239 in
1630 3165 1847 3242 Matonem
1861 3164 1924 3239 inv

161 3281 385 3371 reuinctum
407 3304 493 3383 -quo
513 3278 648 3354 saltem
667 3276 883 3354 Malvaceae
903 3280 1198 3355 Cucurbitaceae
1210 3296 1250 3354 et
1262 3278 1387 3368 Cacti,
1414 3278 1505 3353 alias
1519 3281 1760 3385 elonginquo
1775 3280 1917 3376 affines,

162 3426 301 3479 norum
319 3398 511 3477 societatis
529 3394 725 3475 uinculum
748 3395 893 3473 ineunt.
947 3398 1070 3473 Etiam
1090 3398 1330 3501 compositae
1353 3414 1393 3474 et
1416 3399 1645 3502 Caprilnliae
1663 3428 1737 3503 qua
1758 3403 1918 3505 Campa·

165 3544 300 3595 naccae
314 3544 394 3595 nou
413 3518 556 3619 injuste
569 3513 634 3592 hic
647 3515 897 3606 associantur,
924 3518 1093 3619 quamvis
1108 3518 1199 3592 alias
1213 3516 1373 3593 multum
1388 3516 1613 3620 discrepent.

287 3648 324 3717 9.
376 3636 746 3716 Plurimnmmillutc
771 3660 883 3736 mana
908 3635 1089 3726 offerunt,
1122 3635 1344 3737 Phyteuma,
1372 3636 1699 3738 Stachytarpheta,
1726 3637 1915 3740 Capraria,

162 3756 340 3847 Nerium,
376 3754 694 3858 Myriophyllum,
735 3754 869 3844 Melia,
904 3754 1046 3845 Gitrus,
1079 3770 1118 3832 et
1139 3756 1485 3857 Caryophyllaceae
1503 3780 1599 3857 pene
1619 3780 1761 3833 omnes.
1814 3760 1917 3833 llaec

163 3878 291 3979 itaque
307 3874 430 3951 forma
451 3874 799 3978 Ocryoplrylloceis
820 3872 1016 3949 familiaris
1038 3890 1112 3964 est,
1152 3876 1194 3949 in
1214 3874 1370 3977 reliquis
1389 3872 1467 3948 fors
1489 3874 1713 3951 relationem
1729 3876 1916 3977 quandam

161 3994 275 4071 habet
286 3992 335 4069 ad
349 3992 611 4069 coniothecam
622 3992 849 4069 teneriorem
860 3992 965 4069 fibris
979 3994 1139 4069 arcuatis
1153 3992 1335 4093 dispersis
1350 4006 1416 4067 aut
1427 3992 1780 4069 asterisciformibus
1792 3994 1918 4071 minu-

159 4229 507 4334 plurimammillata
535 4231 632 4307 Citri
657 4254 866 4333 repugnare
893 4233 1077 4308 videntur.
1130 4230 1160 4304 F
1162 4254 1223 4307 ors
1249 4230 1370 4307 forma
1395 4227 1693 4334 quadrihilorum
1714 4231 1915 4335 peculiaria

162 4367 238 4445 eat,
264 4364 305 4427 ct
324 4375 394 4452 per
410 4351 520 4450 plura
531 4376 665 4453 genera
679 4350 719 4425 in
733 4347 888 4423 familiis
900 4350 1057 4427 diversis
1072 4348 1289 4451 indaganda.

294 4478 353 4548 10.
408 4468 576 4545 Granula
594 4470 788 4572 polyedrc
808 4468 1020 4573 etquidem
1040 4471 1103 4547 uel
1124 4468 1314 4545 icosaedra
1327 4469 1390 4546 val
1404 4468 1636 4545 dodecaedra
1649 4466 1913 4573 pentagonalia

159 4587 253 4665 solis
275 4592 510 4689 Compositis
528 4587 681 4690 propria
700 4602 810 4677 sunt,
851 4606 965 4695 atque
987 4588 1082 4665 adeo
1102 4588 1203 4666 inter
1223 4586 1455 4664 characteres
1477 4587 1680 4665 familiares
1699 4586 1913 4669 referendae

160 4705 332 4809 quamvis
353 4730 429 4781 non
448 4705 699 4787 characterem
719 4731 954 4786 communem
977 4708 1227 4797 constituant,
1260 4733 1376 4810 quum
1397 4707 1494 4783 aliae
1509 4706 1744 4783 sublamiliae
1756 4704 1914 4810 pollinis
1959 4750 1962 4754 ·
2010 4702 2019 4707 ”

160 4826 301 4905 formas
311 4826 425 4929 plane
442 4826 608 4903 diversas
619 4822 793 4915 offerant.
835 4824 952 4929 Origo
967 4828 1149 4931 polygoni
1161 4828 1239 4903 lora
1252 4826 1540 4977 abgexpansione
1558 4827 1744 4903 vesiculae
1757 4825 1914 4929 pollinis
